@ARTICLE{2007SDSS6.C...0000:,
       author = {{Adelman-McCarthy}, Jennifer K. and {Ag{\"u}eros}, Marcel A. and
         {Allam}, Sahar S. and {Allende Prieto}, Carlos and
         {Anderson}, Kurt S.~J. and {Anderson}, Scott F. and {Annis}, James and
         {Bahcall}, Neta A. and {Bailer-Jones}, C.~A.~L. and {Baldry}, Ivan K. and
         {Barentine}, J.~C. and {Bassett}, Bruce A. and {Becker}, Andrew C. and
         {Beers}, Timothy C. and {Bell}, Eric F. and {Berlind}, Andreas A. and
         {Bernardi}, Mariangela and {Blanton}, Michael R. and
         {Bochanski}, John J. and {Boroski}, William N. and {Brinchmann}, Jarle and
         {Brinkmann}, J. and {Brunner}, Robert J. and {Budav{\'a}ri}, Tam{\'a}s and
         {Carliles}, Samuel and {Carr}, Michael A. and {Castand
        er}, Francisco J. and {Cinabro}, David and {Cool}, R.~J. and
         {Covey}, Kevin R. and {Csabai}, Istv{\'a}n and {Cunha}, Carlos E. and
         {Davenport}, James R.~A. and {Dilday}, Ben and {Doi}, Mamoru and
         {Eisenstein}, Daniel J. and {Evans}, Michael L. and {Fan}, Xiaohui and
         {Finkbeiner}, Douglas P. and {Friedman}, Scott D. and
         {Frieman}, Joshua A. and {Fukugita}, Masataka and
         {G{\"a}nsicke}, Boris T. and {Gates}, Evalyn and {Gillespie}, Bruce and
         {Glazebrook}, Karl and {Gray}, Jim and {Grebel}, Eva K. and
         {Gunn}, James E. and {Gurbani}, Vijay K. and {Hall}, Patrick B. and
         {Harding}, Paul and {Harvanek}, Michael and {Hawley}, Suzanne L. and
         {Hayes}, Jeffrey and {Heckman}, Timothy M. and {Hendry}, John S. and
         {Hindsley}, Robert B. and {Hirata}, Christopher M. and
         {Hogan}, Craig J. and {Hogg}, David W. and {Hyde}, Joseph B. and
         {Ichikawa}, Shin-ichi and {Ivezi{\'c}}, {\v{Z}}eljko and
         {Jester}, Sebastian and {Johnson}, Jennifer A. and
         {Jorgensen}, Anders M. and {Juri{\'c}}, Mario and {Kent}, Stephen M. and
         {Kessler}, R. and {Kleinman}, S.~J. and {Knapp}, G.~R. and
         {Kron}, Richard G. and {Krzesinski}, Jurek and {Kuropatkin}, Nikolay and
         {Lamb}, Donald Q. and {Lampeitl}, Hubert and {Lebedeva}, Svetlana and
         {Lee}, Young Sun and {French Leger}, R. and
         {L{\'e}pine}, S{\'e}bastien and {Lima}, Marcos and {Lin}, Huan and
         {Long}, Daniel C. and {Loomis}, Craig P. and {Loveday}, Jon and
         {Lupton}, Robert H. and {Malanushenko}, Olena and
         {Malanushenko}, Viktor and {Mandelbaum}, Rachel and {Margon}, Bruce and
         {Marriner}, John P. and {Mart{\'\i}nez-Delgado}, David and
         {Matsubara}, Takahiko and {McGehee}, Peregrine M. and
         {McKay}, Timothy A. and {Meiksin}, Avery and {Morrison}, Heather L. and
         {Munn}, Jeffrey A. and {Nakajima}, Reiko and {Neilsen}, Eric H., Jr. and
         {Newberg}, Heidi Jo and {Nichol}, Robert C. and {Nicinski}, Tom and
         {Nieto-Santisteban}, Maria and {Nitta}, Atsuko and {Okamura}, Sadanori and
         {Owen}, Russell and {Oyaizu}, Hiroaki and {Padmanabhan}, Nikhil and
         {Pan}, Kaike and {Park}, Changbom and {Peoples}, John, Jr. and
         {Pier}, Jeffrey R. and {Pope}, Adrian C. and {Purger}, Norbert and
         {Raddick}, M. Jordan and {Re Fiorentin}, Paola and
         {Richards}, Gordon T. and {Richmond}, Michael W. and {Riess}, Adam G. and
         {Rix}, Hans-Walter and {Rockosi}, Constance M. and {Sako}, Masao and
         {Schlegel}, David J. and {Schneider}, Donald P. and
         {Schreiber}, Matthias R. and {Schwope}, Axel D. and
         {Seljak}, Uro{\v{s}} and {Sesar}, Branimir and {Sheldon}, Erin and
         {Shimasaku}, Kazu and {Sivarani}, Thirupathi and {Allyn Smith}, J. and
         {Snedden}, Stephanie A. and {Steinmetz}, Matthias and
         {Strauss}, Michael A. and {SubbaRao}, Mark and {Suto}, Yasushi and
         {Szalay}, Alexander S. and {Szapudi}, Istv{\'a}n and {Szkody}, Paula and
         {Tegmark}, Max and {Thakar}, Aniruddha R. and {Tremonti}, Christy A. and
         {Tucker}, Douglas L. and {Uomoto}, Alan and {Vanden Berk}, Daniel E. and
         {Vandenberg}, Jan and {Vidrih}, S. and {Vogeley}, Michael S. and
         {Voges}, Wolfgang and {Vogt}, Nicole P. and {Wadadekar}, Yogesh and
         {Weinberg}, David H. and {West}, Andrew A. and {White}, Simon D.~M. and
         {Wilhite}, Brian C. and {Yanny}, Brian and {Yocum}, D.~R. and
         {York}, Donald G. and {Zehavi}, Idit and {Zucker}, Daniel B.},
        title = "{The Sixth Data Release of the Sloan Digital Sky Survey}",
      journal = {\apjs},
     keywords = {atlases, catalogs, surveys, Astrophysics},
         year = 2008,
        month = apr,
       volume = {175},
       number = {2},
        pages = {297-313},
          doi = {10.1086/524984},
archivePrefix = {arXiv},
       eprint = {0707.3413},
 primaryClass = {astro-ph},
       adsurl = {https://ui.adsabs.harvard.edu/abs/2008ApJS..175..297A},
      adsnote = {Provided by the SAO/NASA Astrophysics Data System}
}

@ARTICLE{2005SDSS4.C...0000:,
       author = {{Adelman-McCarthy}, Jennifer K. and {Ag{\"u}eros}, Marcel A. and
         {Allam}, Sahar S. and {Anderson}, Kurt S.~J. and {Anderson}, Scott F. and
         {Annis}, James and {Bahcall}, Neta A. and {Baldry}, Ivan K. and
         {Barentine}, J.~C. and {Berlind}, Andreas and {Bernardi}, Mariangela and
         {Blanton}, Michael R. and {Boroski}, William N. and
         {Brewington}, Howard J. and {Brinchmann}, Jarle and {Brinkmann}, J. and
         {Brunner}, Robert J. and {Budav{\'a}ri}, Tam{\'a}s and
         {Carey}, Larry N. and {Carr}, Michael A. and {Castander}, Francisco J. and
         {Connolly}, A.~J. and {Csabai}, Istv{\'a}n and {Czarapata}, Paul C. and
         {Dalcanton}, Julianne J. and {Doi}, Mamoru and {Dong}, Feng and
         {Eisenstein}, Daniel J. and {Evans}, Michael L. and {Fan}, Xiaohui and
         {Finkbeiner}, Douglas P. and {Friedman}, Scott D. and
         {Frieman}, Joshua A. and {Fukugita}, Masataka and {Gillespie}, Bruce and
         {Glazebrook}, Karl and {Gray}, Jim and {Grebel}, Eva K. and
         {Gunn}, James E. and {Gurbani}, Vijay K. and {de Haas}, Ernst and
         {Hall}, Patrick B. and {Harris}, Frederick H. and {Harvanek}, Michael and
         {Hawley}, Suzanne L. and {Hayes}, Jeffrey and {Hendry}, John S. and
         {Hennessy}, Gregory S. and {Hindsley}, Robert B. and
         {Hirata}, Christopher M. and {Hogan}, Craig J. and {Hogg}, David W. and
         {Holmgren}, Donald J. and {Holtzman}, Jon A. and {Ichikawa}, Shin-ichi and
         {Ivezi{\'c}}, {\v{Z}}eljko and {Jester}, Sebastian and
         {Johnston}, David E. and {Jorgensen}, Anders M. and {Juri{\'c}}, Mario and
         {Kent}, Stephen M. and {Kleinman}, S.~J. and {Knapp}, G.~R. and
         {Kniazev}, Alexei Yu. and {Kron}, Richard G. and {Krzesinski}, Jurek and
         {Kuropatkin}, Nikolay and {Lamb}, Donald Q. and {Lampeitl}, Hubert and
         {Lee}, Brian C. and {Leger}, R. French and {Lin}, Huan and
         {Long}, Daniel C. and {Loveday}, Jon and {Lupton}, Robert H. and
         {Margon}, Bruce and {Mart{\'\i}nez-Delgado}, David and {Mand
        elbaum}, Rachel and {Matsubara}, Takahiko and {McGehee}, Peregrine M. and
         {McKay}, Timothy A. and {Meiksin}, Avery and {Munn}, Jeffrey A. and
         {Nakajima}, Reiko and {Nash}, Thomas and {Neilsen}, Eric H., Jr. and
         {Newberg}, Heidi Jo and {Newman}, Peter R. and {Nichol}, Robert C. and
         {Nicinski}, Tom and {Nieto-Santisteban}, Maria and {Nitta}, Atsuko and
         {O'Mullane}, William and {Okamura}, Sadanori and {Owen}, Russell and
         {Padmanabhan}, Nikhil and {Pauls}, George and {Peoples}, John, Jr. and
         {Pier}, Jeffrey R. and {Pope}, Adrian C. and {Pourbaix}, Dimitri and
         {Quinn}, Thomas R. and {Richards}, Gordon T. and
         {Richmond}, Michael W. and {Rockosi}, Constance M. and
         {Schlegel}, David J. and {Schneider}, Donald P. and
         {Schroeder}, Joshua and {Scranton}, Ryan and {Seljak}, Uro{\v{s}} and
         {Sheldon}, Erin and {Shimasaku}, Kazu and {Smith}, J. Allyn and
         {Smol{\v{c}}i{\'c}}, Vernesa and {Snedden}, Stephanie A. and
         {Stoughton}, Chris and {Strauss}, Michael A. and {SubbaRao}, Mark and
         {Szalay}, Alexander S. and {Szapudi}, Istv{\'a}n and {Szkody}, Paula and
         {Tegmark}, Max and {Thakar}, Aniruddha R. and {Tucker}, Douglas L. and
         {Uomoto}, Alan and {Vanden Berk}, Daniel E. and {Vandenberg}, Jan and
         {Vogeley}, Michael S. and {Voges}, Wolfgang and {Vogt}, Nicole P. and
         {Walkowicz}, Lucianne M. and {Weinberg}, David H. and
         {West}, Andrew A. and {White}, Simon D.~M. and {Xu}, Yongzhong and
         {Yanny}, Brian and {Yocum}, D.~R. and {York}, Donald G. and
         {Zehavi}, Idit and {Zibetti}, Stefano and {Zucker}, Daniel B.},
        title = "{The Fourth Data Release of the Sloan Digital Sky Survey}",
      journal = {\apjs},
     keywords = {Atlases, Catalogs, Surveys, Astrophysics},
         year = 2006,
        month = jan,
       volume = {162},
       number = {1},
        pages = {38-48},
          doi = {10.1086/497917},
archivePrefix = {arXiv},
       eprint = {astro-ph/0507711},
 primaryClass = {astro-ph},
       adsurl = {https://ui.adsabs.harvard.edu/abs/2006ApJS..162...38A},
      adsnote = {Provided by the SAO/NASA Astrophysics Data System}
}

@ARTICLE{2004SDSS3.C...0000:,
       author = {{Abazajian}, Kevork and {Adelman-McCarthy}, Jennifer K. and
         {Ag{\"u}eros}, Marcel A. and {Allam}, Sahar S. and
         {Anderson}, Kurt S.~J. and {Anderson}, Scott F. and {Annis}, James and
         {Bahcall}, Neta A. and {Baldry}, Ivan K. and {Bastian}, Steven and
         {Berlind}, Andreas and {Bernardi}, Mariangela and
         {Blanton}, Michael R. and {Bochanski}, John J., Jr. and
         {Boroski}, William N. and {Brewington}, Howard J. and
         {Briggs}, John W. and {Brinkmann}, J. and {Brunner}, Robert J. and
         {Budav{\'a}ri}, Tam{\'a}s and {Carey}, Larry N. and {Castand
        er}, Francisco J. and {Connolly}, A.~J. and {Covey}, Kevin R. and
         {Csabai}, Istv{\'a}n and {Dalcanton}, Julianne J. and {Doi}, Mamoru and
         {Dong}, Feng and {Eisenstein}, Daniel J. and {Evans}, Michael L. and
         {Fan}, Xiaohui and {Finkbeiner}, Douglas P. and {Friedman}, Scott D. and
         {Frieman}, Joshua A. and {Fukugita}, Masataka and {Gillespie}, Bruce and
         {Glazebrook}, Karl and {Gray}, Jim and {Grebel}, Eva K. and
         {Gunn}, James E. and {Gurbani}, Vijay K. and {Hall}, Patrick B. and
         {Hamabe}, Masaru and {Harbeck}, Daniel and {Harris}, Frederick H. and
         {Harris}, Hugh C. and {Harvanek}, Michael and {Hawley}, Suzanne L. and
         {Hayes}, Jeffrey and {Heckman}, Timothy M. and {Hendry}, John S. and
         {Hennessy}, Gregory S. and {Hindsley}, Robert B. and {Hogan}, Craig J. and
         {Hogg}, David W. and {Holmgren}, Donald J. and {Holtzman}, Jon A. and
         {Ichikawa}, Shin-ichi and {Ichikawa}, Takashi and
         {Ivezi{\'c}}, {\v{Z}}eljko and {Jester}, Sebastian and
         {Johnston}, David E. and {Jorgensen}, Anders M. and {Juri{\'c}}, Mario and
         {Kent}, Stephen M. and {Kleinman}, S.~J. and {Knapp}, G.~R. and
         {Kniazev}, Alexei Yu. and {Kron}, Richard G. and {Krzesinski}, Jurek and
         {Lamb}, Donald Q. and {Lampeitl}, Hubert and {Lee}, Brian C. and
         {Lin}, Huan and {Long}, Daniel C. and {Loveday}, Jon and
         {Lupton}, Robert H. and {Mannery}, Ed and {Margon}, Bruce and
         {Mart{\'\i}nez-Delgado}, David and {Matsubara}, Takahiko and
         {McGehee}, Peregrine M. and {McKay}, Timothy A. and {Meiksin}, Avery and
         {M{\'e}nard}, Brice and {Munn}, Jeffrey A. and {Nash}, Thomas and
         {Neilsen}, Eric H., Jr. and {Newberg}, Heidi Jo and {Newman}, Peter R. and
         {Nichol}, Robert C. and {Nicinski}, Tom and {Nieto-Santisteban}, Maria and
         {Nitta}, Atsuko and {Okamura}, Sadanori and {O'Mullane}, William and
         {Owen}, Russell and {Padmanabhan}, Nikhil and {Pauls}, George and
         {Peoples}, John and {Pier}, Jeffrey R. and {Pope}, Adrian C. and
         {Pourbaix}, Dimitri and {Quinn}, Thomas R. and {Raddick}, M. Jordan and
         {Richards}, Gordon T. and {Richmond}, Michael W. and
         {Rix}, Hans-Walter and {Rockosi}, Constance M. and
         {Schlegel}, David J. and {Schneider}, Donald P. and
         {Schroeder}, Joshua and {Scranton}, Ryan and {Sekiguchi}, Maki and
         {Sheldon}, Erin and {Shimasaku}, Kazu and {Silvestri}, Nicole M. and
         {Smith}, J. Allyn and {Smol{\v{c}}i{\'c}}, Vernesa and
         {Snedden}, Stephanie A. and {Stebbins}, Albert and {Stoughton}, Chris and
         {Strauss}, Michael A. and {SubbaRao}, Mark and {Szalay}, Alexander S. and
         {Szapudi}, Istv{\'a}n and {Szkody}, Paula and {Szokoly}, Gyula P. and
         {Tegmark}, Max and {Teodoro}, Luis and {Thakar}, Aniruddha R. and
         {Tremonti}, Christy and {Tucker}, Douglas L. and {Uomoto}, Alan and {Vand
        en Berk}, Daniel E. and {Vandenberg}, Jan and {Vogeley}, Michael S. and
         {Voges}, Wolfgang and {Vogt}, Nicole P. and {Walkowicz}, Lucianne M. and
         {Wang}, Shu-i. and {Weinberg}, David H. and {West}, Andrew A. and
         {White}, Simon D.~M. and {Wilhite}, Brian C. and {Xu}, Yongzhong and
         {Yanny}, Brian and {Yasuda}, Naoki and {Yip}, Ching-Wa and
         {Yocum}, D.~R. and {York}, Donald G. and {Zehavi}, Idit and
         {Zibetti}, Stefano and {Zucker}, Daniel B.},
        title = "{The Third Data Release of the Sloan Digital Sky Survey}",
      journal = {\aj},
     keywords = {Atlases, Catalogs, Surveys, Astrophysics},
         year = 2005,
        month = mar,
       volume = {129},
       number = {3},
        pages = {1755-1759},
          doi = {10.1086/427544},
archivePrefix = {arXiv},
       eprint = {astro-ph/0410239},
 primaryClass = {astro-ph},
       adsurl = {https://ui.adsabs.harvard.edu/abs/2005AJ....129.1755A},
      adsnote = {Provided by the SAO/NASA Astrophysics Data System}
}

@ARTICLE{20032MASX.C.......:,
       author = {{Skrutskie}, M.~F. and {Cutri}, R.~M. and {Stiening}, R. and
         {Weinberg}, M.~D. and {Schneider}, S. and {Carpenter}, J.~M. and
         {Beichman}, C. and {Capps}, R. and {Chester}, T. and {Elias}, J. and
         {Huchra}, J. and {Liebert}, J. and {Lonsdale}, C. and {Monet}, D.~G. and
         {Price}, S. and {Seitzer}, P. and {Jarrett}, T. and
         {Kirkpatrick}, J.~D. and {Gizis}, J.~E. and {Howard}, E. and
         {Evans}, T. and {Fowler}, J. and {Fullmer}, L. and {Hurt}, R. and
         {Light}, R. and {Kopan}, E.~L. and {Marsh}, K.~A. and
         {McCallon}, H.~L. and {Tam}, R. and {Van Dyk}, S. and {Wheelock}, S.},
        title = "{The Two Micron All Sky Survey (2MASS)}",
      journal = {\aj},
     keywords = {Catalogs, Infrared: General, Surveys},
         year = 2006,
        month = feb,
       volume = {131},
       number = {2},
        pages = {1163-1183},
          doi = {10.1086/498708},
       adsurl = {https://ui.adsabs.harvard.edu/abs/2006AJ....131.1163S},
      adsnote = {Provided by the SAO/NASA Astrophysics Data System}
}

