@ARTICLE{2011ApJ...736...65T,
       author = {{Teodorescu}, A.~M. and {M{\'e}ndez}, R.~H. and {Bernardi}, F. and
         {Thomas}, J. and {Das}, P. and {Gerhard}, O.},
        title = "{Planetary Nebulae in the Elliptical Galaxy NGC 4649 (M 60): Kinematics and Distance Redetermination}",
      journal = {\apj},
     keywords = {galaxies: distances and redshifts, galaxies: elliptical and lenticular, cD, galaxies: individual: NGC 821, galaxies: kinematics and dynamics, planetary nebulae: general, techniques: radial velocities, Astrophysics - Astrophysics of Galaxies},
         year = 2011,
        month = jul,
       volume = {736},
       number = {1},
          eid = {65},
        pages = {65},
          doi = {10.1088/0004-637X/736/1/65},
archivePrefix = {arXiv},
       eprint = {1105.1209},
 primaryClass = {astro-ph.GA},
       adsurl = {https://ui.adsabs.harvard.edu/abs/2011ApJ...736...65T},
      adsnote = {Provided by the SAO/NASA Astrophysics Data System}
}

@ARTICLE{2010ApJS..189...37E,
       author = {{Evans}, Ian N. and {Primini}, Francis A. and {Glotfelty}, Kenny J. and
         {Anderson}, Craig S. and {Bonaventura}, Nina R. and {Chen}, Judy C. and
         {Davis}, John E. and {Doe}, Stephen M. and {Evans}, Janet D. and
         {Fabbiano}, Giuseppina and {Galle}, Elizabeth C. and
         {Gibbs}, Danny G., II and {Grier}, John D. and {Hain}, Roger M. and
         {Hall}, Diane M. and {Harbo}, Peter N. and {He}, Xiangqun Helen and
         {Houck}, John C. and {Karovska}, Margarita and {Kashyap}, Vinay L. and
         {Lauer}, Jennifer and {McCollough}, Michael L. and
         {McDowell}, Jonathan C. and {Miller}, Joseph B. and
         {Mitschang}, Arik W. and {Morgan}, Douglas L. and {Mossman}, Amy E. and
         {Nichols}, Joy S. and {Nowak}, Michael A. and {Plummer}, David A. and
         {Refsdal}, Brian L. and {Rots}, Arnold H. and {Siemiginowska}, Aneta and
         {Sundheim}, Beth A. and {Tibbetts}, Michael S. and
         {Van Stone}, David W. and {Winkelman}, Sherry L. and
         {Zografou}, Panagoula},
        title = "{The Chandra Source Catalog}",
      journal = {\apjs},
     keywords = {catalogs, X-rays: general, Astrophysics - High Energy Astrophysical Phenomena, Astrophysics - Instrumentation and Methods for Astrophysics},
         year = 2010,
        month = jul,
       volume = {189},
       number = {1},
        pages = {37-82},
          doi = {10.1088/0067-0049/189/1/37},
archivePrefix = {arXiv},
       eprint = {1005.4665},
 primaryClass = {astro-ph.HE},
       adsurl = {https://ui.adsabs.harvard.edu/abs/2010ApJS..189...37E},
      adsnote = {Provided by the SAO/NASA Astrophysics Data System}
}

