%% SDSS: https://www.sdss.org/collaboration/citing-sdss/
%% TODO do I need an instrumentation paper?

@ARTICLE{Blanton2017-SDSSIV,
       author = {{Blanton}, Michael R. and {Bershady}, Matthew A. and {Abolfathi}, Bela and
         {Albareti}, Franco D. and {Allende Prieto}, Carlos and
         {Almeida}, Andres and {Alonso-Garc{\'\i}a}, Javier and
         {Anders}, Friedrich and {Anderson}, Scott F. and {Andrews}, Brett and
         {Aquino-Ort{\'\i}z}, Erik and {Arag{\'o}n-Salamanca}, Alfonso and
         {Argudo-Fern{\'a}ndez}, Maria and {Armengaud}, Eric and
         {Aubourg}, Eric and {Avila-Reese}, Vladimir and {Badenes}, Carles and
         {Bailey}, Stephen and {Barger}, Kathleen A. and
         {Barrera-Ballesteros}, Jorge and {Bartosz}, Curtis and
         {Bates}, Dominic and {Baumgarten}, Falk and {Bautista}, Julian and
         {Beaton}, Rachael and {Beers}, Timothy C. and {Belfiore}, Francesco and
         {Bender}, Chad F. and {Berlind}, Andreas A. and {Bernardi}, Mariangela and
         {Beutler}, Florian and {Bird}, Jonathan C. and {Bizyaev}, Dmitry and
         {Blanc}, Guillermo A. and {Blomqvist}, Michael and {Bolton}, Adam S. and
         {Boquien}, M{\'e}d{\'e}ric and {Borissova}, Jura and
         {van den Bosch}, Remco and {Bovy}, Jo and {Brandt}, William N. and
         {Brinkmann}, Jonathan and {Brownstein}, Joel R. and {Bundy}, Kevin and
         {Burgasser}, Adam J. and {Burtin}, Etienne and {Busca}, Nicol{\'a}s G. and
         {Cappellari}, Michele and {Delgado Carigi}, Maria Leticia and
         {Carlberg}, Joleen K. and {Carnero Rosell}, Aurelio and
         {Carrera}, Ricardo and {Chanover}, Nancy J. and {Cherinka}, Brian and
         {Cheung}, Edmond and {G{\'o}mez Maqueo Chew}, Yilen and
         {Chiappini}, Cristina and {Choi}, Peter Doohyun and {Chojnowski}, Drew and
         {Chuang}, Chia-Hsun and {Chung}, Haeun and {Cirolini}, Rafael Fernando and
         {Clerc}, Nicolas and {Cohen}, Roger E. and {Comparat}, Johan and
         {da Costa}, Luiz and {Cousinou}, Marie-Claude and {Covey}, Kevin and
         {Crane}, Jeffrey D. and {Croft}, Rupert A.~C. and
         {Cruz-Gonzalez}, Irene and {Garrido Cuadra}, Daniel and {Cunha}, Katia and
         {Damke}, Guillermo J. and {Darling}, Jeremy and {Davies}, Roger and
         {Dawson}, Kyle and {de la Macorra}, Axel and {Dell'Agli}, Flavia and
         {De Lee}, Nathan and {Delubac}, Timoth{\'e}e and {Di Mille}, Francesco and
         {Diamond-Stanic}, Aleks and {Cano-D{\'\i}az}, Mariana and
         {Donor}, John and {Downes}, Juan Jos{\'e} and {Drory}, Niv and
         {du Mas des Bourboux}, H{\'e}lion and {Duckworth}, Christopher J. and
         {Dwelly}, Tom and {Dyer}, Jamie and {Ebelke}, Garrett and
         {Eigenbrot}, Arthur D. and {Eisenstein}, Daniel J. and
         {Emsellem}, Eric and {Eracleous}, Mike and {Escoffier}, Stephanie and
         {Evans}, Michael L. and {Fan}, Xiaohui and {Fern{\'a}ndez-Alvar}, Emma and
         {Fernandez-Trincado}, J.~G. and {Feuillet}, Diane K. and
         {Finoguenov}, Alexis and {Fleming}, Scott W. and {Font-Ribera}, Andreu and
         {Fredrickson}, Alexander and {Freischlad}, Gordon and
         {Frinchaboy}, Peter M. and {Fuentes}, Carla E. and
         {Galbany}, Llu{\'\i}s and {Garcia-Dias}, R. and
         {Garc{\'\i}a-Hern{\'a}ndez}, D.~A. and {Gaulme}, Patrick and
         {Geisler}, Doug and {Gelfand}, Joseph D. and
         {Gil-Mar{\'\i}n}, H{\'e}ctor and {Gillespie}, Bruce A. and
         {Goddard}, Daniel and {Gonzalez-Perez}, Violeta and
         {Grabowski}, Kathleen and {Green}, Paul J. and {Grier}, Catherine J. and
         {Gunn}, James E. and {Guo}, Hong and {Guy}, Julien and {Hagen}, Alex and
         {Hahn}, ChangHoon and {Hall}, Matthew and {Harding}, Paul and
         {Hasselquist}, Sten and {Hawley}, Suzanne L. and {Hearty}, Fred and
         {Gonzalez Hern{\'a}ndez}, Jonay I. and {Ho}, Shirley and
         {Hogg}, David W. and {Holley-Bockelmann}, Kelly and {Holtzman}, Jon A. and
         {Holzer}, Parker H. and {Huehnerhoff}, Joseph and
         {Hutchinson}, Timothy A. and {Hwang}, Ho Seong and
         {Ibarra-Medel}, H{\'e}ctor J. and {da Silva Ilha}, Gabriele and
         {Ivans}, Inese I. and {Ivory}, KeShawn and {Jackson}, Kelly and
         {Jensen}, Trey W. and {Johnson}, Jennifer A. and {Jones}, Amy and
         {J{\"o}nsson}, Henrik and {Jullo}, Eric and {Kamble}, Vikrant and
         {Kinemuchi}, Karen and {Kirkby}, David and {Kitaura}, Francisco-Shu and
         {Klaene}, Mark and {Knapp}, Gillian R. and {Kneib}, Jean-Paul and
         {Kollmeier}, Juna A. and {Lacerna}, Ivan and {Lane}, Richard R. and
         {Lang}, Dustin and {Law}, David R. and {Lazarz}, Daniel and
         {Lee}, Youngbae and {Le Goff}, Jean-Marc and {Liang}, Fu-Heng and
         {Li}, Cheng and {Li}, Hongyu and {Lian}, Jianhui and {Lima}, Marcos and
         {Lin}, Lihwai and {Lin}, Yen-Ting and {Bertran de Lis}, Sara and
         {Liu}, Chao and {de Icaza Lizaola}, Miguel Angel C. and {Long}, Dan and
         {Lucatello}, Sara and {Lundgren}, Britt and {MacDonald}, Nicholas K. and
         {Deconto Machado}, Alice and {MacLeod}, Chelsea L. and
         {Mahadevan}, Suvrath and {Geimba Maia}, Marcio Antonio and
         {Maiolino}, Roberto and {Majewski}, Steven R. and
         {Malanushenko}, Elena and {Malanushenko}, Viktor and
         {Manchado}, Arturo and {Mao}, Shude and {Maraston}, Claudia and
         {Marques-Chaves}, Rui and {Masseron}, Thomas and {Masters}, Karen L. and
         {McBride}, Cameron K. and {McDermid}, Richard M. and
         {McGrath}, Brianne and {McGreer}, Ian D. and
         {Medina Pe{\~n}a}, Nicol{\'a}s and {Melendez}, Matthew and
         {Merloni}, Andrea and {Merrifield}, Michael R. and
         {Meszaros}, Szabolcs and {Meza}, Andres and {Minchev}, Ivan and
         {Minniti}, Dante and {Miyaji}, Takamitsu and {More}, Surhud and
         {Mulchaey}, John and {M{\"u}ller-S{\'a}nchez}, Francisco and
         {Muna}, Demitri and {Munoz}, Ricardo R. and {Myers}, Adam D. and
         {Nair}, Preethi and {Nandra}, Kirpal and
         {Correa do Nascimento}, Janaina and {Negrete}, Alenka and
         {Ness}, Melissa and {Newman}, Jeffrey A. and {Nichol}, Robert C. and
         {Nidever}, David L. and {Nitschelm}, Christian and {Ntelis}, Pierros and
         {O'Connell}, Julia E. and {Oelkers}, Ryan J. and {Oravetz}, Audrey and
         {Oravetz}, Daniel and {Pace}, Zach and {Padilla}, Nelson and
         {Palanque-Delabrouille}, Nathalie and {Alonso Palicio}, Pedro and
         {Pan}, Kaike and {Parejko}, John K. and {Parikh}, Taniya and
         {P{\^a}ris}, Isabelle and {Park}, Changbom and {Patten}, Alim Y. and
         {Peirani}, Sebastien and {Pellejero-Ibanez}, Marcos and
         {Penny}, Samantha and {Percival}, Will J. and {Perez-Fournon}, Ismael and
         {Petitjean}, Patrick and {Pieri}, Matthew M. and {Pinsonneault}, Marc and
         {Pisani}, Alice and {Poleski}, Rados{\l}aw and {Prada}, Francisco and
         {Prakash}, Abhishek and {Queiroz}, Anna B{\'a}rbara de Andrade and
         {Raddick}, M. Jordan and {Raichoor}, Anand and {Barboza Rembold}, Sand
        ro and {Richstein}, Hannah and {Riffel}, Rogemar A. and
         {Riffel}, Rog{\'e}rio and {Rix}, Hans-Walter and {Robin}, Annie C. and
         {Rockosi}, Constance M. and {Rodr{\'\i}guez-Torres}, Sergio and
         {Roman-Lopes}, A. and {Rom{\'a}n-Z{\'u}{\~n}iga}, Carlos and
         {Rosado}, Margarita and {Ross}, Ashley J. and {Rossi}, Graziano and
         {Ruan}, John and {Ruggeri}, Rossana and {Rykoff}, Eli S. and
         {Salazar-Albornoz}, Salvador and {Salvato}, Mara and
         {S{\'a}nchez}, Ariel G. and {Aguado}, D.~S. and
         {S{\'a}nchez-Gallego}, Jos{\'e} R. and {Santana}, Felipe A. and
         {Santiago}, Bas{\'\i}lio Xavier and {Sayres}, Conor and
         {Schiavon}, Ricardo P. and {da Silva Schimoia}, Jaderson and
         {Schlafly}, Edward F. and {Schlegel}, David J. and
         {Schneider}, Donald P. and {Schultheis}, Mathias and
         {Schuster}, William J. and {Schwope}, Axel and {Seo}, Hee-Jong and
         {Shao}, Zhengyi and {Shen}, Shiyin and {Shetrone}, Matthew and
         {Shull}, Michael and {Simon}, Joshua D. and {Skinner}, Danielle and
         {Skrutskie}, M.~F. and {Slosar}, An{\v{z}}e and {Smith}, Verne V. and
         {Sobeck}, Jennifer S. and {Sobreira}, Flavia and {Somers}, Garrett and
         {Souto}, Diogo and {Stark}, David V. and {Stassun}, Keivan and
         {Stauffer}, Fritz and {Steinmetz}, Matthias and
         {Storchi-Bergmann}, Thaisa and {Streblyanska}, Alina and
         {Stringfellow}, Guy S. and {Su{\'a}rez}, Genaro and {Sun}, Jing and
         {Suzuki}, Nao and {Szigeti}, Laszlo and {Taghizadeh-Popp}, Manuchehr and
         {Tang}, Baitian and {Tao}, Charling and {Tayar}, Jamie and
         {Tembe}, Mita and {Teske}, Johanna and {Thakar}, Aniruddha R. and
         {Thomas}, Daniel and {Thompson}, Benjamin A. and {Tinker}, Jeremy L. and
         {Tissera}, Patricia and {Tojeiro}, Rita and {Hernandez Toledo}, Hector and
         {de la Torre}, Sylvain and {Tremonti}, Christy and
         {Troup}, Nicholas W. and {Valenzuela}, Octavio and
         {Martinez Valpuesta}, Inma and {Vargas-Gonz{\'a}lez}, Jaime and
         {Vargas-Maga{\~n}a}, Mariana and {Vazquez}, Jose Alberto and
         {Villanova}, Sandro and {Vivek}, M. and {Vogt}, Nicole and
         {Wake}, David and {Walterbos}, Rene and {Wang}, Yuting and
         {Weaver}, Benjamin Alan and {Weijmans}, Anne-Marie and
         {Weinberg}, David H. and {Westfall}, Kyle B. and {Whelan}, David G. and
         {Wild}, Vivienne and {Wilson}, John and {Wood-Vasey}, W.~M. and
         {Wylezalek}, Dominika and {Xiao}, Ting and {Yan}, Renbin and
         {Yang}, Meng and {Ybarra}, Jason E. and {Y{\`e}che}, Christophe and
         {Zakamska}, Nadia and {Zamora}, Olga and {Zarrouk}, Pauline and
         {Zasowski}, Gail and {Zhang}, Kai and {Zhao}, Gong-Bo and
         {Zheng}, Zheng and {Zheng}, Zheng and {Zhou}, Xu and {Zhou}, Zhi-Min and
         {Zhu}, Guangtun B. and {Zoccali}, Manuela and {Zou}, Hu},
        title = "{Sloan Digital Sky Survey IV: Mapping the Milky Way, Nearby Galaxies, and the Distant Universe}",
      journal = {\aj},
     keywords = {cosmology: observations, galaxies: general, Galaxy: general, instrumentation: spectrographs, stars: general, surveys, Astrophysics - Astrophysics of Galaxies},
         year = 2017,
        month = jul,
       volume = {154},
       number = {1},
          eid = {28},
        pages = {28},
          doi = {10.3847/1538-3881/aa7567},
archivePrefix = {arXiv},
       eprint = {1703.00052},
 primaryClass = {astro-ph.GA},
       adsurl = {https://ui.adsabs.harvard.edu/abs/2017AJ....154...28B},
      adsnote = {Provided by the SAO/NASA Astrophysics Data System}
}

@ARTICLE{York2000-SDSSLegacy,
       author = {{York}, Donald G. and {Adelman}, J. and {Anderson}, John E., Jr. and
         {Anderson}, Scott F. and {Annis}, James and {Bahcall}, Neta A. and
         {Bakken}, J.~A. and {Barkhouser}, Robert and {Bastian}, Steven and
         {Berman}, Eileen and {Boroski}, William N. and {Bracker}, Steve and
         {Briegel}, Charlie and {Briggs}, John W. and {Brinkmann}, J. and
         {Brunner}, Robert and {Burles}, Scott and {Carey}, Larry and
         {Carr}, Michael A. and {Castander}, Francisco J. and {Chen}, Bing and
         {Colestock}, Patrick L. and {Connolly}, A.~J. and {Crocker}, J.~H. and
         {Csabai}, Istv{\'a}n and {Czarapata}, Paul C. and {Davis}, John Eric and
         {Doi}, Mamoru and {Dombeck}, Tom and {Eisenstein}, Daniel and
         {Ellman}, Nancy and {Elms}, Brian R. and {Evans}, Michael L. and
         {Fan}, Xiaohui and {Federwitz}, Glenn R. and {Fiscelli}, Larry and
         {Friedman}, Scott and {Frieman}, Joshua A. and {Fukugita}, Masataka and
         {Gillespie}, Bruce and {Gunn}, James E. and {Gurbani}, Vijay K. and
         {de Haas}, Ernst and {Haldeman}, Merle and {Harris}, Frederick H. and
         {Hayes}, J. and {Heckman}, Timothy M. and {Hennessy}, G.~S. and
         {Hindsley}, Robert B. and {Holm}, Scott and {Holmgren}, Donald J. and
         {Huang}, Chi-hao and {Hull}, Charles and {Husby}, Don and
         {Ichikawa}, Shin-Ichi and {Ichikawa}, Takashi and
         {Ivezi{\'c}}, {\v{Z}}eljko and {Kent}, Stephen and {Kim}, Rita S.~J. and
         {Kinney}, E. and {Klaene}, Mark and {Kleinman}, A.~N. and
         {Kleinman}, S. and {Knapp}, G.~R. and {Korienek}, John and
         {Kron}, Richard G. and {Kunszt}, Peter Z. and {Lamb}, D.~Q. and
         {Lee}, B. and {Leger}, R. French and {Limmongkol}, Siriluk and
         {Lindenmeyer}, Carl and {Long}, Daniel C. and {Loomis}, Craig and
         {Loveday}, Jon and {Lucinio}, Rich and {Lupton}, Robert H. and
         {MacKinnon}, Bryan and {Mannery}, Edward J. and {Mantsch}, P.~M. and
         {Margon}, Bruce and {McGehee}, Peregrine and {McKay}, Timothy A. and
         {Meiksin}, Avery and {Merelli}, Aronne and {Monet}, David G. and
         {Munn}, Jeffrey A. and {Narayanan}, Vijay K. and {Nash}, Thomas and
         {Neilsen}, Eric and {Neswold}, Rich and {Newberg}, Heidi Jo and
         {Nichol}, R.~C. and {Nicinski}, Tom and {Nonino}, Mario and
         {Okada}, Norio and {Okamura}, Sadanori and {Ostriker}, Jeremiah P. and
         {Owen}, Russell and {Pauls}, A. George and {Peoples}, John and
         {Peterson}, R.~L. and {Petravick}, Donald and {Pier}, Jeffrey R. and
         {Pope}, Adrian and {Pordes}, Ruth and {Prosapio}, Angela and
         {Rechenmacher}, Ron and {Quinn}, Thomas R. and {Richards}, Gordon T. and
         {Richmond}, Michael W. and {Rivetta}, Claudio H. and
         {Rockosi}, Constance M. and {Ruthmansdorfer}, Kurt and {Sand
        ford}, Dale and {Schlegel}, David J. and {Schneider}, Donald P. and
         {Sekiguchi}, Maki and {Sergey}, Gary and {Shimasaku}, Kazuhiro and
         {Siegmund}, Walter A. and {Smee}, Stephen and {Smith}, J. Allyn and
         {Snedden}, S. and {Stone}, R. and {Stoughton}, Chris and
         {Strauss}, Michael A. and {Stubbs}, Christopher and {SubbaRao}, Mark and
         {Szalay}, Alexander S. and {Szapudi}, Istvan and {Szokoly}, Gyula P. and
         {Thakar}, Anirudda R. and {Tremonti}, Christy and {Tucker}, Douglas L. and
         {Uomoto}, Alan and {Vanden Berk}, Dan and {Vogeley}, Michael S. and
         {Waddell}, Patrick and {Wang}, Shu-i. and {Watanabe}, Masaru and
         {Weinberg}, David H. and {Yanny}, Brian and {Yasuda}, Naoki and
         {SDSS Collaboration}},
        title = "{The Sloan Digital Sky Survey: Technical Summary}",
      journal = {\aj},
     keywords = {Cosmology: Observations, Instrumentation: Miscellaneous, Astrophysics},
         year = 2000,
        month = sep,
       volume = {120},
       number = {3},
        pages = {1579-1587},
          doi = {10.1086/301513},
archivePrefix = {arXiv},
       eprint = {astro-ph/0006396},
 primaryClass = {astro-ph},
       adsurl = {https://ui.adsabs.harvard.edu/abs/2000AJ....120.1579Y},
      adsnote = {Provided by the SAO/NASA Astrophysics Data System}
}

@ARTICLE{Gunn2006-SDSSTelescope,
       author = {{Gunn}, James E. and {Siegmund}, Walter A. and {Mannery}, Edward J. and
         {Owen}, Russell E. and {Hull}, Charles L. and {Leger}, R. French and
         {Carey}, Larry N. and {Knapp}, Gillian R. and {York}, Donald G. and
         {Boroski}, William N. and {Kent}, Stephen M. and {Lupton}, Robert H. and
         {Rockosi}, Constance M. and {Evans}, Michael L. and {Waddell}, Patrick and
         {Anderson}, John E. and {Annis}, James and {Barentine}, John C. and
         {Bartoszek}, Larry M. and {Bastian}, Steven and {Bracker}, Stephen B. and
         {Brewington}, Howard J. and {Briegel}, Charles I. and {Brinkmann}, Jon and
         {Brown}, Yorke J. and {Carr}, Michael A. and {Czarapata}, Paul C. and
         {Drennan}, Craig C. and {Dombeck}, Thomas and {Federwitz}, Glenn R. and
         {Gillespie}, Bruce A. and {Gonzales}, Carlos and {Hansen}, Sten U. and
         {Harvanek}, Michael and {Hayes}, Jeffrey and {Jordan}, Wendell and
         {Kinney}, Ellyne and {Klaene}, Mark and {Kleinman}, S.~J. and
         {Kron}, Richard G. and {Kresinski}, Jurek and {Lee}, Glenn and
         {Limmongkol}, Siriluk and {Lindenmeyer}, Carl W. and {Long}, Daniel C. and
         {Loomis}, Craig L. and {McGehee}, Peregrine M. and {Mantsch}, Paul M. and
         {Neilsen}, Eric H., Jr. and {Neswold}, Richard M. and
         {Newman}, Peter R. and {Nitta}, Atsuko and {Peoples}, John, Jr. and
         {Pier}, Jeffrey R. and {Prieto}, Peter S. and {Prosapio}, Angela and
         {Rivetta}, Claudio and {Schneider}, Donald P. and {Snedden}, Stephanie and
         {Wang}, Shu-i.},
        title = "{The 2.5 m Telescope of the Sloan Digital Sky Survey}",
      journal = {\aj},
     keywords = {Surveys, Telescopes, Astrophysics},
         year = 2006,
        month = apr,
       volume = {131},
       number = {4},
        pages = {2332-2359},
          doi = {10.1086/500975},
archivePrefix = {arXiv},
       eprint = {astro-ph/0602326},
 primaryClass = {astro-ph},
       adsurl = {https://ui.adsabs.harvard.edu/abs/2006AJ....131.2332G},
      adsnote = {Provided by the SAO/NASA Astrophysics Data System}
}

@ARTICLE{2016SDSSD.C...0000:,
       author = {{Albareti}, Franco D. and {Allende Prieto}, Carlos and
         {Almeida}, Andres and {Anders}, Friedrich and {Anderson}, Scott and
         {Andrews}, Brett H. and {Arag{\'o}n-Salamanca}, Alfonso and
         {Argudo-Fern{\'a}ndez}, Maria and {Armengaud}, Eric and
         {Aubourg}, Eric and {Avila-Reese}, Vladimir and {Badenes}, Carles and
         {Bailey}, Stephen and {Barbuy}, Beatriz and {Barger}, Kat and
         {Barrera-Ballesteros}, Jorge and {Bartosz}, Curtis and {Basu}, Sarbani and
         {Bates}, Dominic and {Battaglia}, Giuseppina and {Baumgarten}, Falk and
         {Baur}, Julien and {Bautista}, Julian and {Beers}, Timothy C. and
         {Belfiore}, Francesco and {Bershady}, Matthew and
         {Bertran de Lis}, Sara and {Bird}, Jonathan C. and {Bizyaev}, Dmitry and
         {Blanc}, Guillermo A. and {Blanton}, Michael and {Blomqvist}, Michael and
         {Bolton}, Adam S. and {Borissova}, J. and {Bovy}, Jo and {Brand
        t}, William Nielsen and {Brinkmann}, Jonathan and {Brownstein}, Joel R. and
         {Bundy}, Kevin and {Burtin}, Etienne and {Busca}, Nicol{\'a}s G. and
         {Orlando Camacho Chavez}, Hugo and {Cano D{\'\i}az}, M. and
         {Cappellari}, Michele and {Carrera}, Ricardo and {Chen}, Yanping and
         {Cherinka}, Brian and {Cheung}, Edmond and {Chiappini}, Cristina and
         {Chojnowski}, Drew and {Chuang}, Chia-Hsun and {Chung}, Haeun and
         {Cirolini}, Rafael Fernando and {Clerc}, Nicolas and {Cohen}, Roger E. and
         {Comerford}, Julia M. and {Comparat}, Johan and
         {Correa do Nascimento}, Janaina and {Cousinou}, Marie-Claude and
         {Covey}, Kevin and {Crane}, Jeffrey D. and {Croft}, Rupert and
         {Cunha}, Katia and {Darling}, Jeremy and {Davidson}, James W., Jr. and
         {Dawson}, Kyle and {Da Costa}, Luiz and {Da Silva Ilha}, Gabriele and
         {Deconto Machado}, Alice and {Delubac}, Timoth{\'e}e and
         {De Lee}, Nathan and {De la Macorra}, Axel and {De la Torre}, Sylvain and
         {Diamond-Stanic}, Aleksandar M. and {Donor}, John and
         {Downes}, Juan Jose and {Drory}, Niv and {Du}, Cheng and
         {Du Mas des Bourboux}, H{\'e}lion and {Dwelly}, Tom and
         {Ebelke}, Garrett and {Eigenbrot}, Arthur and {Eisenstein}, Daniel J. and
         {Elsworth}, Yvonne P. and {Emsellem}, Eric and {Eracleous}, Michael and
         {Escoffier}, Stephanie and {Evans}, Michael L. and
         {Falc{\'o}n-Barroso}, Jes{\'u}s and {Fan}, Xiaohui and
         {Favole}, Ginevra and {Fernandez-Alvar}, Emma and {Fernand
        ez-Trincado}, J.~G. and {Feuillet}, Diane and {Fleming}, Scott W. and
         {Font-Ribera}, Andreu and {Freischlad}, Gordon and {Frinchaboy}, Peter and
         {Fu}, Hai and {Gao}, Yang and {Garcia}, Rafael A. and
         {Garcia-Dias}, R. and {Garcia-Hern{\'a}ndez}, D.~A. and
         {Garcia P{\'e}rez}, Ana E. and {Gaulme}, Patrick and {Ge}, Junqiang and
         {Geisler}, Douglas and {Gillespie}, Bruce and {Gil Marin}, Hector and
         {Girardi}, L{\'e}o and {Goddard}, Daniel and
         {Gomez Maqueo Chew}, Yilen and {Gonzalez-Perez}, Violeta and
         {Grabowski}, Kathleen and {Green}, Paul and {Grier}, Catherine J. and
         {Grier}, Thomas and {Guo}, Hong and {Guy}, Julien and {Hagen}, Alex and
         {Hall}, Matt and {Harding}, Paul and {Harley}, R.~E. and
         {Hasselquist}, Sten and {Hawley}, Suzanne and {Hayes}, Christian R. and
         {Hearty}, Fred and {Hekker}, Saskia and {Hernandez Toledo}, Hector and
         {Ho}, Shirley and {Hogg}, David W. and {Holley-Bockelmann}, Kelly and
         {Holtzman}, Jon A. and {Holzer}, Parker H. and {Hu}, Jian and
         {Huber}, Daniel and {Hutchinson}, Timothy Alan and {Hwang}, Ho Seong and
         {Ibarra-Medel}, H{\'e}ctor J. and {Ivans}, Inese I. and
         {Ivory}, KeShawn and {Jaehnig}, Kurt and {Jensen}, Trey W. and
         {Johnson}, Jennifer A. and {Jones}, Amy and {Jullo}, Eric and
         {Kallinger}, T. and {Kinemuchi}, Karen and {Kirkby}, David and
         {Klaene}, Mark and {Kneib}, Jean-Paul and {Kollmeier}, Juna A. and
         {Lacerna}, Ivan and {Lane}, Richard R. and {Lang}, Dustin and
         {Laurent}, Pierre and {Law}, David R. and {Leauthaud}, Alexie and
         {Le Goff}, Jean-Marc and {Li}, Chen and {Li}, Cheng and {Li}, Niu and
         {Li}, Ran and {Liang}, Fu-Heng and {Liang}, Yu and {Lima}, Marcos and
         {Lin}, Lihwai and {Lin}, Lin and {Lin}, Yen-Ting and {Liu}, Chao and
         {Long}, Dan and {Lucatello}, Sara and {MacDonald}, Nicholas and
         {MacLeod}, Chelsea L. and {Mackereth}, J. Ted and {Mahadevan}, Suvrath and
         {Maia}, Marcio Antonio Geimba and {Maiolino}, Roberto and
         {Majewski}, Steven R. and {Malanushenko}, Olena and
         {Malanushenko}, Viktor and {Mallmann}, N{\'\i}colas Dullius and
         {Manchado}, Arturo and {Maraston}, Claudia and {Marques-Chaves}, Rui and
         {Martinez Valpuesta}, Inma and {Masters}, Karen L. and
         {Mathur}, Savita and {McGreer}, Ian D. and {Merloni}, Andrea and
         {Merrifield}, Michael R. and {M{\'e}sz{\'a}ros}, Szabolcs and
         {Meza}, Andres and {Miglio}, Andrea and {Minchev}, Ivan and
         {Molaverdikhani}, Karan and {Montero-Dorta}, Antonio D. and
         {Mosser}, Benoit and {Muna}, Demitri and {Myers}, Adam and
         {Nair}, Preethi and {Nandra}, Kirpal and {Ness}, Melissa and
         {Newman}, Jeffrey A. and {Nichol}, Robert C. and {Nidever}, David L. and
         {Nitschelm}, Christian and {O'Connell}, Julia and {Oravetz}, Audrey and
         {Oravetz}, Daniel J. and {Pace}, Zachary and {Padilla}, Nelson and
         {Palanque-Delabrouille}, Nathalie and {Pan}, Kaike and {Parejko}, John and
         {Paris}, Isabelle and {Park}, Changbom and {Peacock}, John A. and
         {Peirani}, Sebastien and {Pellejero-Ibanez}, Marcos and
         {Penny}, Samantha and {Percival}, Will J. and {Percival}, Jeffrey W. and
         {Perez-Fournon}, Ismael and {Petitjean}, Patrick and {Pieri}, Matthew and
         {Pinsonneault}, Marc H. and {Pisani}, Alice and {Prada}, Francisco and
         {Prakash}, Abhishek and {Price-Jones}, Natalie and
         {Raddick}, M. Jordan and {Rahman}, Mubdi and {Raichoor}, Anand and
         {Barboza Rembold}, Sandro and {Reyna}, A.~M. and {Rich}, James and
         {Richstein}, Hannah and {Ridl}, Jethro and {Riffel}, Rogemar A. and
         {Riffel}, Rog{\'e}rio and {Rix}, Hans-Walter and {Robin}, Annie C. and
         {Rockosi}, Constance M. and {Rodr{\'\i}guez-Torres}, Sergio and
         {Rodrigues}, Tha{\'\i}se S. and {Roe}, Natalie and {Roman Lopes}, A. and
         {Rom{\'a}n-Z{\'u}{\~n}iga}, Carlos and {Ross}, Ashley J. and
         {Rossi}, Graziano and {Ruan}, John and {Ruggeri}, Rossana and
         {Runnoe}, Jessie C. and {Salazar-Albornoz}, Salvador and
         {Salvato}, Mara and {Sanchez}, Sebastian F. and {Sanchez}, Ariel G. and
         {Sanchez-Gallego}, Jos{\'e} R. and {Santiago}, Bas{\'\i}lio Xavier and
         {Schiavon}, Ricardo and {Schimoia}, Jaderson S. and {Schlafly}, Eddie and
         {Schlegel}, David J. and {Schneider}, Donald P. and
         {Sch{\"o}nrich}, Ralph and {Schultheis}, Mathias and {Schwope}, Axel and
         {Seo}, Hee-Jong and {Serenelli}, Aldo and {Sesar}, Branimir and
         {Shao}, Zhengyi and {Shetrone}, Matthew and {Shull}, Michael and
         {Silva Aguirre}, Victor and {Skrutskie}, M.~F. and
         {Slosar}, An{\v{z}}e and {Smith}, Michael and {Smith}, Verne V. and
         {Sobeck}, Jennifer and {Somers}, Garrett and {Souto}, Diogo and
         {Stark}, David V. and {Stassun}, Keivan G. and {Steinmetz}, Matthias and
         {Stello}, Dennis and {Storchi Bergmann}, Thaisa and
         {Strauss}, Michael A. and {Streblyanska}, Alina and
         {Stringfellow}, Guy S. and {Suarez}, Genaro and {Sun}, Jing and
         {Taghizadeh-Popp}, Manuchehr and {Tang}, Baitian and {Tao}, Charling and
         {Tayar}, Jamie and {Tembe}, Mita and {Thomas}, Daniel and
         {Tinker}, Jeremy and {Tojeiro}, Rita and {Tremonti}, Christy and
         {Troup}, Nicholas and {Trump}, Jonathan R. and {Unda-Sanzana}, Eduardo and
         {Valenzuela}, O. and {Van den Bosch}, Remco and
         {Vargas-Maga{\~n}a}, Mariana and {Vazquez}, Jose Alberto and
         {Villanova}, Sandro and {Vivek}, M. and {Vogt}, Nicole and
         {Wake}, David and {Walterbos}, Rene and {Wang}, Yuting and
         {Wang}, Enci and {Weaver}, Benjamin Alan and {Weijmans}, Anne-Marie and
         {Weinberg}, David H. and {Westfall}, Kyle B. and {Whelan}, David G. and
         {Wilcots}, Eric and {Wild}, Vivienne and {Williams}, Rob A. and
         {Wilson}, John and {Wood-Vasey}, W.~M. and {Wylezalek}, Dominika and
         {Xiao}, Ting and {Yan}, Renbin and {Yang}, Meng and {Ybarra}, Jason E. and
         {Yeche}, Christophe and {Yuan}, Fang-Ting and {Zakamska}, Nadia and
         {Zamora}, Olga and {Zasowski}, Gail and {Zhang}, Kai and {Zhao}, Cheng and
         {Zhao}, Gong-Bo and {Zheng}, Zheng and {Zheng}, Zheng and
         {Zhou}, Zhi-Min and {Zhu}, Guangtun and {Zinn}, Joel C. and {Zou}, Hu},
        title = "{The 13th Data Release of the Sloan Digital Sky Survey: First Spectroscopic Data from the SDSS-IV Survey Mapping Nearby Galaxies at Apache Point Observatory}",
      journal = {\apjs},
     keywords = {atlases, catalogs, surveys, Astrophysics - Astrophysics of Galaxies},
         year = 2017,
        month = dec,
       volume = {233},
       number = {2},
          eid = {25},
        pages = {25},
          doi = {10.3847/1538-4365/aa8992},
archivePrefix = {arXiv},
       eprint = {1608.02013},
 primaryClass = {astro-ph.GA},
       adsurl = {https://ui.adsabs.harvard.edu/abs/2017ApJS..233...25A},
      adsnote = {Provided by the SAO/NASA Astrophysics Data System}
}

@ARTICLE{2007SDSS6.C...0000:,
       author = {{Adelman-McCarthy}, Jennifer K. and {Ag{\"u}eros}, Marcel A. and
         {Allam}, Sahar S. and {Allende Prieto}, Carlos and
         {Anderson}, Kurt S.~J. and {Anderson}, Scott F. and {Annis}, James and
         {Bahcall}, Neta A. and {Bailer-Jones}, C.~A.~L. and {Baldry}, Ivan K. and
         {Barentine}, J.~C. and {Bassett}, Bruce A. and {Becker}, Andrew C. and
         {Beers}, Timothy C. and {Bell}, Eric F. and {Berlind}, Andreas A. and
         {Bernardi}, Mariangela and {Blanton}, Michael R. and
         {Bochanski}, John J. and {Boroski}, William N. and {Brinchmann}, Jarle and
         {Brinkmann}, J. and {Brunner}, Robert J. and {Budav{\'a}ri}, Tam{\'a}s and
         {Carliles}, Samuel and {Carr}, Michael A. and {Castand
        er}, Francisco J. and {Cinabro}, David and {Cool}, R.~J. and
         {Covey}, Kevin R. and {Csabai}, Istv{\'a}n and {Cunha}, Carlos E. and
         {Davenport}, James R.~A. and {Dilday}, Ben and {Doi}, Mamoru and
         {Eisenstein}, Daniel J. and {Evans}, Michael L. and {Fan}, Xiaohui and
         {Finkbeiner}, Douglas P. and {Friedman}, Scott D. and
         {Frieman}, Joshua A. and {Fukugita}, Masataka and
         {G{\"a}nsicke}, Boris T. and {Gates}, Evalyn and {Gillespie}, Bruce and
         {Glazebrook}, Karl and {Gray}, Jim and {Grebel}, Eva K. and
         {Gunn}, James E. and {Gurbani}, Vijay K. and {Hall}, Patrick B. and
         {Harding}, Paul and {Harvanek}, Michael and {Hawley}, Suzanne L. and
         {Hayes}, Jeffrey and {Heckman}, Timothy M. and {Hendry}, John S. and
         {Hindsley}, Robert B. and {Hirata}, Christopher M. and
         {Hogan}, Craig J. and {Hogg}, David W. and {Hyde}, Joseph B. and
         {Ichikawa}, Shin-ichi and {Ivezi{\'c}}, {\v{Z}}eljko and
         {Jester}, Sebastian and {Johnson}, Jennifer A. and
         {Jorgensen}, Anders M. and {Juri{\'c}}, Mario and {Kent}, Stephen M. and
         {Kessler}, R. and {Kleinman}, S.~J. and {Knapp}, G.~R. and
         {Kron}, Richard G. and {Krzesinski}, Jurek and {Kuropatkin}, Nikolay and
         {Lamb}, Donald Q. and {Lampeitl}, Hubert and {Lebedeva}, Svetlana and
         {Lee}, Young Sun and {French Leger}, R. and
         {L{\'e}pine}, S{\'e}bastien and {Lima}, Marcos and {Lin}, Huan and
         {Long}, Daniel C. and {Loomis}, Craig P. and {Loveday}, Jon and
         {Lupton}, Robert H. and {Malanushenko}, Olena and
         {Malanushenko}, Viktor and {Mandelbaum}, Rachel and {Margon}, Bruce and
         {Marriner}, John P. and {Mart{\'\i}nez-Delgado}, David and
         {Matsubara}, Takahiko and {McGehee}, Peregrine M. and
         {McKay}, Timothy A. and {Meiksin}, Avery and {Morrison}, Heather L. and
         {Munn}, Jeffrey A. and {Nakajima}, Reiko and {Neilsen}, Eric H., Jr. and
         {Newberg}, Heidi Jo and {Nichol}, Robert C. and {Nicinski}, Tom and
         {Nieto-Santisteban}, Maria and {Nitta}, Atsuko and {Okamura}, Sadanori and
         {Owen}, Russell and {Oyaizu}, Hiroaki and {Padmanabhan}, Nikhil and
         {Pan}, Kaike and {Park}, Changbom and {Peoples}, John, Jr. and
         {Pier}, Jeffrey R. and {Pope}, Adrian C. and {Purger}, Norbert and
         {Raddick}, M. Jordan and {Re Fiorentin}, Paola and
         {Richards}, Gordon T. and {Richmond}, Michael W. and {Riess}, Adam G. and
         {Rix}, Hans-Walter and {Rockosi}, Constance M. and {Sako}, Masao and
         {Schlegel}, David J. and {Schneider}, Donald P. and
         {Schreiber}, Matthias R. and {Schwope}, Axel D. and
         {Seljak}, Uro{\v{s}} and {Sesar}, Branimir and {Sheldon}, Erin and
         {Shimasaku}, Kazu and {Sivarani}, Thirupathi and {Allyn Smith}, J. and
         {Snedden}, Stephanie A. and {Steinmetz}, Matthias and
         {Strauss}, Michael A. and {SubbaRao}, Mark and {Suto}, Yasushi and
         {Szalay}, Alexander S. and {Szapudi}, Istv{\'a}n and {Szkody}, Paula and
         {Tegmark}, Max and {Thakar}, Aniruddha R. and {Tremonti}, Christy A. and
         {Tucker}, Douglas L. and {Uomoto}, Alan and {Vanden Berk}, Daniel E. and
         {Vandenberg}, Jan and {Vidrih}, S. and {Vogeley}, Michael S. and
         {Voges}, Wolfgang and {Vogt}, Nicole P. and {Wadadekar}, Yogesh and
         {Weinberg}, David H. and {West}, Andrew A. and {White}, Simon D.~M. and
         {Wilhite}, Brian C. and {Yanny}, Brian and {Yocum}, D.~R. and
         {York}, Donald G. and {Zehavi}, Idit and {Zucker}, Daniel B.},
        title = "{The Sixth Data Release of the Sloan Digital Sky Survey}",
      journal = {\apjs},
     keywords = {atlases, catalogs, surveys, Astrophysics},
         year = 2008,
        month = apr,
       volume = {175},
       number = {2},
        pages = {297-313},
          doi = {10.1086/524984},
archivePrefix = {arXiv},
       eprint = {0707.3413},
 primaryClass = {astro-ph},
       adsurl = {https://ui.adsabs.harvard.edu/abs/2008ApJS..175..297A},
      adsnote = {Provided by the SAO/NASA Astrophysics Data System}
}

@ARTICLE{2006SDSS5.C...0000:,
       author = {{Adelman-McCarthy}, Jennifer K. and {Ag{\"u}eros}, Marcel A. and
         {Allam}, Sahar S. and {Anderson}, Kurt S.~J. and {Anderson}, Scott F. and
         {Annis}, James and {Bahcall}, Neta A. and {Bailer-Jones}, Coryn A.~L. and
         {Baldry}, Ivan K. and {Barentine}, J.~C. and {Beers}, Timothy C. and
         {Belokurov}, V. and {Berlind}, Andreas and {Bernardi}, Mariangela and
         {Blanton}, Michael R. and {Bochanski}, John J. and
         {Boroski}, William N. and {Bramich}, D.~M. and {Brewington}, Howard J. and
         {Brinchmann}, Jarle and {Brinkmann}, J. and {Brunner}, Robert J. and
         {Budav{\'a}ri}, Tam{\'a}s and {Carey}, Larry N. and {Carliles}, Samuel and
         {Carr}, Michael A. and {Castander}, Francisco J. and {Connolly}, A.~J. and
         {Cool}, R.~J. and {Cunha}, Carlos E. and {Csabai}, Istv{\'a}n and
         {Dalcanton}, Julianne J. and {Doi}, Mamoru and {Eisenstein}, Daniel J. and
         {Evans}, Michael L. and {Evans}, N.~W. and {Fan}, Xiaohui and
         {Finkbeiner}, Douglas P. and {Friedman}, Scott D. and
         {Frieman}, Joshua A. and {Fukugita}, Masataka and {Gillespie}, Bruce and
         {Gilmore}, G. and {Glazebrook}, Karl and {Gray}, Jim and
         {Grebel}, Eva K. and {Gunn}, James E. and {de Haas}, Ernst and
         {Hall}, Patrick B. and {Harvanek}, Michael and {Hawley}, Suzanne L. and
         {Hayes}, Jeffrey and {Heckman}, Timothy M. and {Hendry}, John S. and
         {Hennessy}, Gregory S. and {Hindsley}, Robert B. and
         {Hirata}, Christopher M. and {Hogan}, Craig J. and {Hogg}, David W. and
         {Holtzman}, Jon A. and {Ichikawa}, Shin-ichi and {Ichikawa}, Takashi and
         {Ivezi{\'c}}, {\v{Z}}eljko and {Jester}, Sebastian and
         {Johnston}, David E. and {Jorgensen}, Anders M. and {Juri{\'c}}, Mario and
         {Kauffmann}, Guinevere and {Kent}, Stephen M. and {Kleinman}, S.~J. and
         {Knapp}, G.~R. and {Kniazev}, Alexei Yu. and {Kron}, Richard G. and
         {Krzesinski}, Jurek and {Kuropatkin}, Nikolay and {Lamb}, Donald Q. and
         {Lampeitl}, Hubert and {Lee}, Brian C. and {Leger}, R. French and
         {Lima}, Marcos and {Lin}, Huan and {Long}, Daniel C. and
         {Loveday}, Jon and {Lupton}, Robert H. and {Mandelbaum}, Rachel and
         {Margon}, Bruce and {Mart{\'\i}nez-Delgado}, David and
         {Matsubara}, Takahiko and {McGehee}, Peregrine M. and
         {McKay}, Timothy A. and {Meiksin}, Avery and {Munn}, Jeffrey A. and
         {Nakajima}, Reiko and {Nash}, Thomas and {Neilsen}, Eric H., Jr. and
         {Newberg}, Heidi Jo and {Nichol}, Robert C. and
         {Nieto-Santisteban}, Maria and {Nitta}, Atsuko and {Oyaizu}, Hiroaki and
         {Okamura}, Sadanori and {Ostriker}, Jeremiah P. and
         {Padmanabhan}, Nikhil and {Park}, Changbom and {Peoples}, John, Jr. and
         {Pier}, Jeffrey R. and {Pope}, Adrian C. and {Pourbaix}, Dimitri and
         {Quinn}, Thomas R. and {Raddick}, M. Jordan and {Re Fiorentin}, Paola and
         {Richards}, Gordon T. and {Richmond}, Michael W. and
         {Rix}, Hans-Walter and {Rockosi}, Constance M. and
         {Schlegel}, David J. and {Schneider}, Donald P. and {Scranton}, Ryan and
         {Seljak}, Uro{\v{s}} and {Sheldon}, Erin and {Shimasaku}, Kazu and
         {Silvestri}, Nicole M. and {Smith}, J. Allyn and
         {Smol{\v{c}}i{\'c}}, Vernesa and {Snedden}, Stephanie A. and
         {Stebbins}, Albert and {Stoughton}, Chris and {Strauss}, Michael A. and
         {SubbaRao}, Mark and {Suto}, Yasushi and {Szalay}, Alexander S. and
         {Szapudi}, Istv{\'a}n and {Szkody}, Paula and {Tegmark}, Max and
         {Thakar}, Aniruddha R. and {Tremonti}, Christy A. and
         {Tucker}, Douglas L. and {Uomoto}, Alan and {Vanden Berk}, Daniel E. and
         {Vandenberg}, Jan and {Vidrih}, S. and {Vogeley}, Michael S. and
         {Voges}, Wolfgang and {Vogt}, Nicole P. and {Weinberg}, David H. and
         {West}, Andrew A. and {White}, Simon D.~M. and {Wilhite}, Brian and
         {Yanny}, Brian and {Yocum}, D.~R. and {York}, Donald G. and
         {Zehavi}, Idit and {Zibetti}, Stefano and {Zucker}, Daniel B.},
        title = "{The Fifth Data Release of the Sloan Digital Sky Survey}",
      journal = {\apjs},
     keywords = {Atlases, Catalogs, Surveys, Astrophysics},
         year = 2007,
        month = oct,
       volume = {172},
       number = {2},
        pages = {634-644},
          doi = {10.1086/518864},
archivePrefix = {arXiv},
       eprint = {0707.3380},
 primaryClass = {astro-ph},
       adsurl = {https://ui.adsabs.harvard.edu/abs/2007ApJS..172..634A},
      adsnote = {Provided by the SAO/NASA Astrophysics Data System}
}

@ARTICLE{2005SDSS4.C...0000:,
       author = {{Adelman-McCarthy}, Jennifer K. and {Ag{\"u}eros}, Marcel A. and
         {Allam}, Sahar S. and {Anderson}, Kurt S.~J. and {Anderson}, Scott F. and
         {Annis}, James and {Bahcall}, Neta A. and {Baldry}, Ivan K. and
         {Barentine}, J.~C. and {Berlind}, Andreas and {Bernardi}, Mariangela and
         {Blanton}, Michael R. and {Boroski}, William N. and
         {Brewington}, Howard J. and {Brinchmann}, Jarle and {Brinkmann}, J. and
         {Brunner}, Robert J. and {Budav{\'a}ri}, Tam{\'a}s and
         {Carey}, Larry N. and {Carr}, Michael A. and {Castander}, Francisco J. and
         {Connolly}, A.~J. and {Csabai}, Istv{\'a}n and {Czarapata}, Paul C. and
         {Dalcanton}, Julianne J. and {Doi}, Mamoru and {Dong}, Feng and
         {Eisenstein}, Daniel J. and {Evans}, Michael L. and {Fan}, Xiaohui and
         {Finkbeiner}, Douglas P. and {Friedman}, Scott D. and
         {Frieman}, Joshua A. and {Fukugita}, Masataka and {Gillespie}, Bruce and
         {Glazebrook}, Karl and {Gray}, Jim and {Grebel}, Eva K. and
         {Gunn}, James E. and {Gurbani}, Vijay K. and {de Haas}, Ernst and
         {Hall}, Patrick B. and {Harris}, Frederick H. and {Harvanek}, Michael and
         {Hawley}, Suzanne L. and {Hayes}, Jeffrey and {Hendry}, John S. and
         {Hennessy}, Gregory S. and {Hindsley}, Robert B. and
         {Hirata}, Christopher M. and {Hogan}, Craig J. and {Hogg}, David W. and
         {Holmgren}, Donald J. and {Holtzman}, Jon A. and {Ichikawa}, Shin-ichi and
         {Ivezi{\'c}}, {\v{Z}}eljko and {Jester}, Sebastian and
         {Johnston}, David E. and {Jorgensen}, Anders M. and {Juri{\'c}}, Mario and
         {Kent}, Stephen M. and {Kleinman}, S.~J. and {Knapp}, G.~R. and
         {Kniazev}, Alexei Yu. and {Kron}, Richard G. and {Krzesinski}, Jurek and
         {Kuropatkin}, Nikolay and {Lamb}, Donald Q. and {Lampeitl}, Hubert and
         {Lee}, Brian C. and {Leger}, R. French and {Lin}, Huan and
         {Long}, Daniel C. and {Loveday}, Jon and {Lupton}, Robert H. and
         {Margon}, Bruce and {Mart{\'\i}nez-Delgado}, David and {Mand
        elbaum}, Rachel and {Matsubara}, Takahiko and {McGehee}, Peregrine M. and
         {McKay}, Timothy A. and {Meiksin}, Avery and {Munn}, Jeffrey A. and
         {Nakajima}, Reiko and {Nash}, Thomas and {Neilsen}, Eric H., Jr. and
         {Newberg}, Heidi Jo and {Newman}, Peter R. and {Nichol}, Robert C. and
         {Nicinski}, Tom and {Nieto-Santisteban}, Maria and {Nitta}, Atsuko and
         {O'Mullane}, William and {Okamura}, Sadanori and {Owen}, Russell and
         {Padmanabhan}, Nikhil and {Pauls}, George and {Peoples}, John, Jr. and
         {Pier}, Jeffrey R. and {Pope}, Adrian C. and {Pourbaix}, Dimitri and
         {Quinn}, Thomas R. and {Richards}, Gordon T. and
         {Richmond}, Michael W. and {Rockosi}, Constance M. and
         {Schlegel}, David J. and {Schneider}, Donald P. and
         {Schroeder}, Joshua and {Scranton}, Ryan and {Seljak}, Uro{\v{s}} and
         {Sheldon}, Erin and {Shimasaku}, Kazu and {Smith}, J. Allyn and
         {Smol{\v{c}}i{\'c}}, Vernesa and {Snedden}, Stephanie A. and
         {Stoughton}, Chris and {Strauss}, Michael A. and {SubbaRao}, Mark and
         {Szalay}, Alexander S. and {Szapudi}, Istv{\'a}n and {Szkody}, Paula and
         {Tegmark}, Max and {Thakar}, Aniruddha R. and {Tucker}, Douglas L. and
         {Uomoto}, Alan and {Vanden Berk}, Daniel E. and {Vandenberg}, Jan and
         {Vogeley}, Michael S. and {Voges}, Wolfgang and {Vogt}, Nicole P. and
         {Walkowicz}, Lucianne M. and {Weinberg}, David H. and
         {West}, Andrew A. and {White}, Simon D.~M. and {Xu}, Yongzhong and
         {Yanny}, Brian and {Yocum}, D.~R. and {York}, Donald G. and
         {Zehavi}, Idit and {Zibetti}, Stefano and {Zucker}, Daniel B.},
        title = "{The Fourth Data Release of the Sloan Digital Sky Survey}",
      journal = {\apjs},
     keywords = {Atlases, Catalogs, Surveys, Astrophysics},
         year = 2006,
        month = jan,
       volume = {162},
       number = {1},
        pages = {38-48},
          doi = {10.1086/497917},
archivePrefix = {arXiv},
       eprint = {astro-ph/0507711},
 primaryClass = {astro-ph},
       adsurl = {https://ui.adsabs.harvard.edu/abs/2006ApJS..162...38A},
      adsnote = {Provided by the SAO/NASA Astrophysics Data System}
}

@ARTICLE{2004SDSS3.C...0000:,
       author = {{Abazajian}, Kevork and {Adelman-McCarthy}, Jennifer K. and
         {Ag{\"u}eros}, Marcel A. and {Allam}, Sahar S. and
         {Anderson}, Kurt S.~J. and {Anderson}, Scott F. and {Annis}, James and
         {Bahcall}, Neta A. and {Baldry}, Ivan K. and {Bastian}, Steven and
         {Berlind}, Andreas and {Bernardi}, Mariangela and
         {Blanton}, Michael R. and {Bochanski}, John J., Jr. and
         {Boroski}, William N. and {Brewington}, Howard J. and
         {Briggs}, John W. and {Brinkmann}, J. and {Brunner}, Robert J. and
         {Budav{\'a}ri}, Tam{\'a}s and {Carey}, Larry N. and {Castand
        er}, Francisco J. and {Connolly}, A.~J. and {Covey}, Kevin R. and
         {Csabai}, Istv{\'a}n and {Dalcanton}, Julianne J. and {Doi}, Mamoru and
         {Dong}, Feng and {Eisenstein}, Daniel J. and {Evans}, Michael L. and
         {Fan}, Xiaohui and {Finkbeiner}, Douglas P. and {Friedman}, Scott D. and
         {Frieman}, Joshua A. and {Fukugita}, Masataka and {Gillespie}, Bruce and
         {Glazebrook}, Karl and {Gray}, Jim and {Grebel}, Eva K. and
         {Gunn}, James E. and {Gurbani}, Vijay K. and {Hall}, Patrick B. and
         {Hamabe}, Masaru and {Harbeck}, Daniel and {Harris}, Frederick H. and
         {Harris}, Hugh C. and {Harvanek}, Michael and {Hawley}, Suzanne L. and
         {Hayes}, Jeffrey and {Heckman}, Timothy M. and {Hendry}, John S. and
         {Hennessy}, Gregory S. and {Hindsley}, Robert B. and {Hogan}, Craig J. and
         {Hogg}, David W. and {Holmgren}, Donald J. and {Holtzman}, Jon A. and
         {Ichikawa}, Shin-ichi and {Ichikawa}, Takashi and
         {Ivezi{\'c}}, {\v{Z}}eljko and {Jester}, Sebastian and
         {Johnston}, David E. and {Jorgensen}, Anders M. and {Juri{\'c}}, Mario and
         {Kent}, Stephen M. and {Kleinman}, S.~J. and {Knapp}, G.~R. and
         {Kniazev}, Alexei Yu. and {Kron}, Richard G. and {Krzesinski}, Jurek and
         {Lamb}, Donald Q. and {Lampeitl}, Hubert and {Lee}, Brian C. and
         {Lin}, Huan and {Long}, Daniel C. and {Loveday}, Jon and
         {Lupton}, Robert H. and {Mannery}, Ed and {Margon}, Bruce and
         {Mart{\'\i}nez-Delgado}, David and {Matsubara}, Takahiko and
         {McGehee}, Peregrine M. and {McKay}, Timothy A. and {Meiksin}, Avery and
         {M{\'e}nard}, Brice and {Munn}, Jeffrey A. and {Nash}, Thomas and
         {Neilsen}, Eric H., Jr. and {Newberg}, Heidi Jo and {Newman}, Peter R. and
         {Nichol}, Robert C. and {Nicinski}, Tom and {Nieto-Santisteban}, Maria and
         {Nitta}, Atsuko and {Okamura}, Sadanori and {O'Mullane}, William and
         {Owen}, Russell and {Padmanabhan}, Nikhil and {Pauls}, George and
         {Peoples}, John and {Pier}, Jeffrey R. and {Pope}, Adrian C. and
         {Pourbaix}, Dimitri and {Quinn}, Thomas R. and {Raddick}, M. Jordan and
         {Richards}, Gordon T. and {Richmond}, Michael W. and
         {Rix}, Hans-Walter and {Rockosi}, Constance M. and
         {Schlegel}, David J. and {Schneider}, Donald P. and
         {Schroeder}, Joshua and {Scranton}, Ryan and {Sekiguchi}, Maki and
         {Sheldon}, Erin and {Shimasaku}, Kazu and {Silvestri}, Nicole M. and
         {Smith}, J. Allyn and {Smol{\v{c}}i{\'c}}, Vernesa and
         {Snedden}, Stephanie A. and {Stebbins}, Albert and {Stoughton}, Chris and
         {Strauss}, Michael A. and {SubbaRao}, Mark and {Szalay}, Alexander S. and
         {Szapudi}, Istv{\'a}n and {Szkody}, Paula and {Szokoly}, Gyula P. and
         {Tegmark}, Max and {Teodoro}, Luis and {Thakar}, Aniruddha R. and
         {Tremonti}, Christy and {Tucker}, Douglas L. and {Uomoto}, Alan and {Vand
        en Berk}, Daniel E. and {Vandenberg}, Jan and {Vogeley}, Michael S. and
         {Voges}, Wolfgang and {Vogt}, Nicole P. and {Walkowicz}, Lucianne M. and
         {Wang}, Shu-i. and {Weinberg}, David H. and {West}, Andrew A. and
         {White}, Simon D.~M. and {Wilhite}, Brian C. and {Xu}, Yongzhong and
         {Yanny}, Brian and {Yasuda}, Naoki and {Yip}, Ching-Wa and
         {Yocum}, D.~R. and {York}, Donald G. and {Zehavi}, Idit and
         {Zibetti}, Stefano and {Zucker}, Daniel B.},
        title = "{The Third Data Release of the Sloan Digital Sky Survey}",
      journal = {\aj},
     keywords = {Atlases, Catalogs, Surveys, Astrophysics},
         year = 2005,
        month = mar,
       volume = {129},
       number = {3},
        pages = {1755-1759},
          doi = {10.1086/427544},
archivePrefix = {arXiv},
       eprint = {astro-ph/0410239},
 primaryClass = {astro-ph},
       adsurl = {https://ui.adsabs.harvard.edu/abs/2005AJ....129.1755A},
      adsnote = {Provided by the SAO/NASA Astrophysics Data System}
}

@ARTICLE{2004SDSS2.C...0000:,
       author = {{Abazajian}, Kevork and {Adelman-McCarthy}, Jennifer K. and
         {Ag{\"u}eros}, Marcel A. and {Allam}, Sahar S. and {Anderson}, Kurt and
         {Anderson}, Scott F. and {Annis}, James and {Bahcall}, Neta A. and
         {Baldry}, Ivan K. and {Bastian}, Steven and {Berlind}, Andreas and
         {Bernardi}, Mariangela and {Blanton}, Michael R. and
         {Bochanski}, John J., Jr. and {Boroski}, William N. and
         {Briggs}, John W. and {Brinkmann}, J. and {Brunner}, Robert J. and
         {Budav{\'a}ri}, Tam{\'a}s and {Carey}, Larry N. and {Carliles}, Samuel and
         {Castander}, Francisco J. and {Connolly}, A.~J. and
         {Csabai}, Istv{\'a}n and {Doi}, Mamoru and {Dong}, Feng and
         {Eisenstein}, Daniel J. and {Evans}, Michael L. and {Fan}, Xiaohui and
         {Finkbeiner}, Douglas P. and {Friedman}, Scott D. and
         {Frieman}, Joshua A. and {Fukugita}, Masataka and {Gal}, Roy R. and
         {Gillespie}, Bruce and {Glazebrook}, Karl and {Gray}, Jim and
         {Grebel}, Eva K. and {Gunn}, James E. and {Gurbani}, Vijay K. and
         {Hall}, Patrick B. and {Hamabe}, Masaru and {Harris}, Frederick H. and
         {Harris}, Hugh C. and {Harvanek}, Michael and {Heckman}, Timothy M. and
         {Hendry}, John S. and {Hennessy}, Gregory S. and {Hindsley}, Robert B. and
         {Hogan}, Craig J. and {Hogg}, David W. and {Holmgren}, Donald J. and
         {Ichikawa}, Shin-ichi and {Ichikawa}, Takashi and
         {Ivezi{\'c}}, {\v{Z}}eljko and {Jester}, Sebastian and
         {Johnston}, David E. and {Jorgensen}, Anders M. and {Kent}, Stephen M. and
         {Kleinman}, S.~J. and {Knapp}, G.~R. and {Kniazev}, Alexei Yu. and
         {Kron}, Richard G. and {Krzesinski}, Jurek and {Kunszt}, Peter Z. and
         {Kuropatkin}, Nickolai and {Lamb}, Donald Q. and {Lampeitl}, Hubert and
         {Lee}, Brian C. and {Leger}, R. French and {Li}, Nolan and {Lin}, Huan and
         {Loh}, Yeong-Shang and {Long}, Daniel C. and {Loveday}, Jon and
         {Lupton}, Robert H. and {Malik}, Tanu and {Margon}, Bruce and
         {Matsubara}, Takahiko and {McGehee}, Peregrine M. and
         {McKay}, Timothy A. and {Meiksin}, Avery and {Munn}, Jeffrey A. and
         {Nakajima}, Reiko and {Nash}, Thomas and {Neilsen}, Eric H., Jr. and
         {Newberg}, Heidi Jo and {Newman}, Peter R. and {Nichol}, Robert C. and
         {Nicinski}, Tom and {Nieto-Santisteban}, Maria and {Nitta}, Atsuko and
         {Okamura}, Sadanori and {O'Mullane}, William and
         {Ostriker}, Jeremiah P. and {Owen}, Russell and {Padmanabhan}, Nikhil and
         {Peoples}, John and {Pier}, Jeffrey R. and {Pope}, Adrian C. and
         {Quinn}, Thomas R. and {Richards}, Gordon T. and
         {Richmond}, Michael W. and {Rix}, Hans-Walter and
         {Rockosi}, Constance M. and {Schlegel}, David J. and
         {Schneider}, Donald P. and {Scranton}, Ryan and {Sekiguchi}, Maki and
         {Seljak}, Uros and {Sergey}, Gary and {Sesar}, Branimir and
         {Sheldon}, Erin and {Shimasaku}, Kazu and {Siegmund}, Walter A. and
         {Silvestri}, Nicole M. and {Smith}, J. Allyn and
         {Smol{\v{c}}i{\'c}}, Vernesa and {Snedden}, Stephanie A. and
         {Stebbins}, Albert and {Stoughton}, Chris and {Strauss}, Michael A. and
         {SubbaRao}, Mark and {Szalay}, Alexander S. and {Szapudi}, Istv{\'a}n and
         {Szkody}, Paula and {Szokoly}, Gyula P. and {Tegmark}, Max and
         {Teodoro}, Luis and {Thakar}, Aniruddha R. and {Tremonti}, Christy and
         {Tucker}, Douglas L. and {Uomoto}, Alan and {Vanden Berk}, Daniel E. and
         {Vandenberg}, Jan and {Vogeley}, Michael S. and {Voges}, Wolfgang and
         {Vogt}, Nicole P. and {Walkowicz}, Lucianne M. and {Wang}, Shu-i. and
         {Weinberg}, David H. and {West}, Andrew A. and {White}, Simon D.~M. and
         {Wilhite}, Brian C. and {Xu}, Yongzhong and {Yanny}, Brian and
         {Yasuda}, Naoki and {Yip}, Ching-Wa and {Yocum}, D.~R. and
         {York}, Donald G. and {Zehavi}, Idit and {Zibetti}, Stefano and
         {Zucker}, Daniel B.},
        title = "{The Second Data Release of the Sloan Digital Sky Survey}",
      journal = {\aj},
     keywords = {Atlases, Catalogs, Surveys, Astrophysics},
         year = 2004,
        month = jul,
       volume = {128},
       number = {1},
        pages = {502-512},
          doi = {10.1086/421365},
archivePrefix = {arXiv},
       eprint = {astro-ph/0403325},
 primaryClass = {astro-ph},
       adsurl = {https://ui.adsabs.harvard.edu/abs/2004AJ....128..502A},
      adsnote = {Provided by the SAO/NASA Astrophysics Data System}
}

@ARTICLE{2001SDSSe.1...0000:,
       author = {{Stoughton}, Chris and {Lupton}, Robert H. and {Bernardi}, Mariangela and
         {Blanton}, Michael R. and {Burles}, Scott and {Castand
        er}, Francisco J. and {Connolly}, A.~J. and {Eisenstein}, Daniel J. and
         {Frieman}, Joshua A. and {Hennessy}, G.~S. and {Hindsley}, Robert B. and
         {Ivezi{\'c}}, {\v{Z}}eljko and {Kent}, Stephen and {Kunszt}, Peter Z. and
         {Lee}, Brian C. and {Meiksin}, Avery and {Munn}, Jeffrey A. and
         {Newberg}, Heidi Jo and {Nichol}, R.~C. and {Nicinski}, Tom and
         {Pier}, Jeffrey R. and {Richards}, Gordon T. and
         {Richmond}, Michael W. and {Schlegel}, David J. and {Smith}, J. Allyn and
         {Strauss}, Michael A. and {SubbaRao}, Mark and {Szalay}, Alexander S. and
         {Thakar}, Aniruddha R. and {Tucker}, Douglas L. and {Vand
        en Berk}, Daniel E. and {Yanny}, Brian and {Adelman}, Jennifer K. and
         {Anderson}, John E., Jr. and {Anderson}, Scott F. and {Annis}, James and
         {Bahcall}, Neta A. and {Bakken}, J.~A. and {Bartelmann}, Matthias and
         {Bastian}, Steven and {Bauer}, Amanda and {Berman}, Eileen and
         {B{\"o}hringer}, Hans and {Boroski}, William N. and {Bracker}, Steve and
         {Briegel}, Charlie and {Briggs}, John W. and {Brinkmann}, J. and
         {Brunner}, Robert and {Carey}, Larry and {Carr}, Michael A. and
         {Chen}, Bing and {Christian}, Damian and {Colestock}, Patrick L. and
         {Crocker}, J.~H. and {Csabai}, Istv{\'a}n and {Czarapata}, Paul C. and
         {Dalcanton}, Julianne and {Davidsen}, Arthur F. and {Davis}, John Eric and
         {Dehnen}, Walter and {Dodelson}, Scott and {Doi}, Mamoru and
         {Dombeck}, Tom and {Donahue}, Megan and {Ellman}, Nancy and
         {Elms}, Brian R. and {Evans}, Michael L. and {Eyer}, Laurent and
         {Fan}, Xiaohui and {Federwitz}, Glenn R. and {Friedman}, Scott and
         {Fukugita}, Masataka and {Gal}, Roy and {Gillespie}, Bruce and
         {Glazebrook}, Karl and {Gray}, Jim and {Grebel}, Eva K. and
         {Greenawalt}, Bruce and {Greene}, Gretchen and {Gunn}, James E. and
         {de Haas}, Ernst and {Haiman}, Zolt{\'a}n and {Haldeman}, Merle and
         {Hall}, Patrick B. and {Hamabe}, Masaru and {Hansen}, Brad and
         {Harris}, Frederick H. and {Harris}, Hugh and {Harvanek}, Michael and
         {Hawley}, Suzanne L. and {Hayes}, J.~J.~E. and {Heckman}, Timothy M. and
         {Helmi}, Amina and {Henden}, Arne and {Hogan}, Craig J. and
         {Hogg}, David W. and {Holmgren}, Donald J. and {Holtzman}, Jon and
         {Huang}, Chih-Hao and {Hull}, Charles and {Ichikawa}, Shin-Ichi and
         {Ichikawa}, Takashi and {Johnston}, David E. and
         {Kauffmann}, Guinevere and {Kim}, Rita S.~J. and {Kimball}, Tim and
         {Kinney}, E. and {Klaene}, Mark and {Kleinman}, S.~J. and
         {Klypin}, Anatoly and {Knapp}, G.~R. and {Korienek}, John and
         {Krolik}, Julian and {Kron}, Richard G. and {Krzesi{\'n}ski}, Jurek and
         {Lamb}, D.~Q. and {Leger}, R. French and {Limmongkol}, Siriluk and
         {Lindenmeyer}, Carl and {Long}, Daniel C. and {Loomis}, Craig and
         {Loveday}, Jon and {MacKinnon}, Bryan and {Mannery}, Edward J. and
         {Mantsch}, P.~M. and {Margon}, Bruce and {McGehee}, Peregrine and
         {McKay}, Timothy A. and {McLean}, Brian and {Menou}, Kristen and
         {Merelli}, Aronne and {Mo}, H.~J. and {Monet}, David G. and
         {Nakamura}, Osamu and {Narayanan}, Vijay K. and {Nash}, Thomas and
         {Neilsen}, Eric H., Jr. and {Newman}, Peter R. and {Nitta}, Atsuko and
         {Odenkirchen}, Michael and {Okada}, Norio and {Okamura}, Sadanori and
         {Ostriker}, Jeremiah P. and {Owen}, Russell and {Pauls}, A. George and
         {Peoples}, John and {Peterson}, R.~S. and {Petravick}, Donald and
         {Pope}, Adrian and {Pordes}, Ruth and {Postman}, Marc and
         {Prosapio}, Angela and {Quinn}, Thomas R. and {Rechenmacher}, Ron and
         {Rivetta}, Claudio H. and {Rix}, Hans-Walter and
         {Rockosi}, Constance M. and {Rosner}, Robert and
         {Ruthmansdorfer}, Kurt and {Sandford}, Dale and {Schneider}, Donald P. and
         {Scranton}, Ryan and {Sekiguchi}, Maki and {Sergey}, Gary and
         {Sheth}, Ravi and {Shimasaku}, Kazuhiro and {Smee}, Stephen and
         {Snedden}, Stephanie A. and {Stebbins}, Albert and
         {Stubbs}, Christopher and {Szapudi}, Istv{\'a}n and {Szkody}, Paula and
         {Szokoly}, Gyula P. and {Tabachnik}, Serge and {Tsvetanov}, Zlatan and
         {Uomoto}, Alan and {Vogeley}, Michael S. and {Voges}, Wolfgang and
         {Waddell}, Patrick and {Walterbos}, Ren{\'e} and {Wang}, Shu-i. and
         {Watanabe}, Masaru and {Weinberg}, David H. and {White}, Richard L. and
         {White}, Simon D.~M. and {Wilhite}, Brian and {Wolfe}, David and
         {Yasuda}, Naoki and {York}, Donald G. and {Zehavi}, Idit and
         {Zheng}, Wei},
        title = "{Sloan Digital Sky Survey: Early Data Release}",
      journal = {\aj},
     keywords = {Atlases, Catalogs, Surveys},
         year = 2002,
        month = jan,
       volume = {123},
       number = {1},
        pages = {485-548},
          doi = {10.1086/324741},
       adsurl = {https://ui.adsabs.harvard.edu/abs/2002AJ....123..485S},
      adsnote = {Provided by the SAO/NASA Astrophysics Data System}
}

%% 2MASS

@ARTICLE{20032MASX.C.......:,
       author = {{Skrutskie}, M.~F. and {Cutri}, R.~M. and {Stiening}, R. and
         {Weinberg}, M.~D. and {Schneider}, S. and {Carpenter}, J.~M. and
         {Beichman}, C. and {Capps}, R. and {Chester}, T. and {Elias}, J. and
         {Huchra}, J. and {Liebert}, J. and {Lonsdale}, C. and {Monet}, D.~G. and
         {Price}, S. and {Seitzer}, P. and {Jarrett}, T. and
         {Kirkpatrick}, J.~D. and {Gizis}, J.~E. and {Howard}, E. and
         {Evans}, T. and {Fowler}, J. and {Fullmer}, L. and {Hurt}, R. and
         {Light}, R. and {Kopan}, E.~L. and {Marsh}, K.~A. and
         {McCallon}, H.~L. and {Tam}, R. and {Van Dyk}, S. and {Wheelock}, S.},
        title = "{The Two Micron All Sky Survey (2MASS)}",
      journal = {\aj},
     keywords = {Catalogs, Infrared: General, Surveys},
         year = 2006,
        month = feb,
       volume = {131},
       number = {2},
        pages = {1163-1183},
          doi = {10.1086/498708},
       adsurl = {https://ui.adsabs.harvard.edu/abs/2006AJ....131.1163S},
      adsnote = {Provided by the SAO/NASA Astrophysics Data System}
}

%% CBET

@ARTICLE{2007CBET..990A...1:,
       author = {{Antilogus}, P. and {Li}, J. and {Pain}, R. and {Pereira}, R. and
         {Wu}, C. and {Buton}, C. and {Copin}, Y. and {Gangler}, E. and
         {Smadja}, G. and {Aldering}, G. and {Aragon}, C. and {Bailey}, S. and
         {Bongard}, S. and {Childress}, M. and {Loken}, S. and {Nugent}, P. and
         {Perlmutter}, S. and {Runge}, K. and {Thomas}, R.~C. and
         {Weaver}, B.~A. and {Pecontal}, E. and {Rigaudier}, G. and
         {Kessler}, R. and {Baltay}, C. and {Bauer}, A. and {Ellman}, N. and
         {Herrera}, D. and {Rabinowitz}, D. and {Scalzo}, R.},
        title = "{Supernovae 2007cw-2007eq}",
      journal = {Central Bureau Electronic Telegrams},
         year = 2007,
        month = jul,
       volume = {990},
        pages = {1},
       adsurl = {https://ui.adsabs.harvard.edu/abs/2007CBET..990....1A},
      adsnote = {Provided by the SAO/NASA Astrophysics Data System}
}

@ARTICLE{2007CBET..991A...1:,
       author = {{Aldering}, G. and {Aragon}, C. and {Bailey}, S. and {Bongard}, S. and
         {Childress}, M. and {Loken}, S. and {Nugent}, P. and {Perlmutter}, S. and
         {Runge}, K. and {Thomas}, R.~C. and {Weaver}, B.~A. and
         {Antilogus}, P. and {Li}, J. and {Pain}, R. and {Pereira}, R. and
         {Wu}, C. and {Buton}, C. and {Copin}, Y. and {Gangler}, E. and
         {Smadja}, G. and {Pecontal}, E. and {Rigaudier}, G. and {Kessler}, R. and
         {Holtzman}, J. and {Baltay}, C. and {Bauer}, A. and {Ellman}, N. and
         {Rabinowitz}, D. and {Scalzo}, R.},
        title = "{Supernovae 2007ev, 2007ew, 2007ex, 2007ey, 2007ez, 2007fa}",
      journal = {Central Bureau Electronic Telegrams},
         year = 2007,
        month = jul,
       volume = {991},
        pages = {1},
       adsurl = {https://ui.adsabs.harvard.edu/abs/2007CBET..991....1A},
      adsnote = {Provided by the SAO/NASA Astrophysics Data System}
}

@ARTICLE{2007CBET.1007A...1:,
       author = {{Antilogus}, P. and {Pain}, R. and {Pereira}, R. and {Wu}, C. and
         {Aldering}, G. and {Aragon}, C. and {Bailey}, S. and {Bongard}, S. and
         {Childress}, M. and {Loken}, S. and {Nugent}, P. and {Perlmutter}, S. and
         {Runge}, K. and {Thomas}, R.~C. and {Weaver}, B.~A. and {Baltay}, C. and
         {Bauer}, A. and {Rabinowitz}, D. and {Scalzo}, R. and {Rigaudier}, G. and
         {Pecontal}, E. and {Buton}, C. and {Copin}, Y. and {Gangler}, E. and
         {Smadja}, G. and {Birchall}, D. and {Holtzman}, J.},
        title = "{Supernovae 2007fu, 2007fv, 2007fw, 2007fx}",
      journal = {Central Bureau Electronic Telegrams},
         year = 2007,
        month = jul,
       volume = {1007},
        pages = {1},
       adsurl = {https://ui.adsabs.harvard.edu/abs/2007CBET.1007....1A},
      adsnote = {Provided by the SAO/NASA Astrophysics Data System}
}

@ARTICLE{2007CBET.1057A...1:,
       author = {{Bassett}, B. and {Becker}, A. and {Brewington}, H. and {Choi}, C. and
         {Cinabro}, D. and {D'Andrea}, C. and {Dembicky}, J. and {Depoy}, D.~L. and
         {Dilday}, B. and {Doi}, M. and {Eastman}, J. and {Frieman}, J. and
         {Garnavich}, P. and {Harvanek}, M. and {Hogan}, C. and {Holtzman}, J. and
         {Im}, M. and {Jha}, S. and {Konishi}, K. and {Krzesinski}, J. and
         {Lampeitl}, H. and {Kessler}, R. and {Ketzeback}, B. and {Long}, D. and
         {Malanushenko}, O. and {Marriner}, J. and {McMillan}, R. and
         {Miknaitis}, G. and {Morokuma}, T. and {Mosher}, J. and {Nichol}, R. and
         {Pan}, K. and {Prieto}, J.~L. and {Richmond}, M. and {Riess}, A. and
         {Romani}, R. and {Sako}, M. and {Schneider}, D. and {Smith}, M. and
         {Snedden}, S. and {Takanashi}, N. and {Tokita}, K. and
         {van der Heyden}, K. and {Watters}, S. and {Yasuda}, N. and
         {Wheeler}, C. and {Zheng}, C. and {Atlee}, D.},
        title = "{Supernovae 2007hw-2007ie}",
      journal = {Central Bureau Electronic Telegrams},
         year = 2007,
        month = sep,
       volume = {1057},
        pages = {1},
       adsurl = {https://ui.adsabs.harvard.edu/abs/2007CBET.1057....1B},
      adsnote = {Provided by the SAO/NASA Astrophysics Data System}
}

@ARTICLE{2007CBET.1063A...1:,
       author = {{Aldering}, G. and {Aragon}, C. and {Bongard}, S. and {Childress}, M. and
         {Loken}, S. and {Nugent}, P. and {Perlmutter}, S. and {Runge}, K. and
         {Thomas}, R.~C. and {Weaver}, B.~A. and {Baltay}, C. and {Bauer}, A. and
         {Rabinowitz}, D. and {Scalzo}, R. and {Rigaudier}, G. and
         {Pecontal}, E. and {Buton}, C. and {Copin}, Y. and {Gangler}, E. and
         {Smadja}, G. and {Tao}, C. and {Antilogus}, P. and {Bailey}, S. and
         {Pain}, R. and {Pereira}, R. and {Wu}, C. and {Birchall}, D. and
         {Cough}, J. and {Holtzman}, J.},
        title = "{Supernovae 2007im-2007ip}",
      journal = {Central Bureau Electronic Telegrams},
         year = 2007,
        month = sep,
       volume = {1063},
        pages = {1},
       adsurl = {https://ui.adsabs.harvard.edu/abs/2007CBET.1063....1A},
      adsnote = {Provided by the SAO/NASA Astrophysics Data System}
}

@ARTICLE{2007CBET.1076A...1:,
       author = {{Bassett}, B. and {Becker}, A. and {Bizyaev}, D. and {Brewington}, H. and
         {Choi}, C. and {Cinabro}, D. and {D'Andrea}, C. and {Dembicky}, J. and
         {Depoy}, D.~L. and {Dilday}, B. and {Doi}, M. and {Eastman}, J. and
         {Frieman}, J. and {Gall}, C. and {Garnavich}, P. and {Goobar}, A. and
         {Hogan}, C. and {Holtzman}, J. and {Im}, M. and {Jha}, S. and
         {Konishi}, K. and {Krzesinski}, J. and {Lampeitl}, H. and
         {Kessler}, R. and {Ketzeback}, B. and {Long}, D. and
         {Malanushenko}, O. and {Marriner}, J. and {McMillan}, R. and
         {Miknaitis}, G. and {Morokuma}, T. and {Mosher}, J. and {Nichol}, R. and
         {Oravetz}, D. and {Pan}, K. and {Prieto}, J.~L. and {Richmond}, M. and
         {Riess}, A. and {Romani}, R. and {Sako}, M. and {Schneider}, D. and
         {Simmons}, A. and {Smith}, M. and {Snedden}, S. and {Sollerman}, J. and
         {Stritzinger}, M. and {Takanashi}, N. and {Tokita}, K. and
         {Taylor}, M.~F. and {van der Heyden}, K. and {Watters}, S. and
         {Yasuda}, N. and {Wheeler}, C. and {Zheng}, C. and
         {Aragon-Salamanca}, A. and {Bremer}, M. and {Turatto}, M. and
         {Ruiz-Lapuente}, P. and {Castander}, F. and {Romer}, A.~K. and
         {Collins}, C. and {Lucey}, J. and {Edge}, A. and {Ostman}, L. and
         {Bender}, R. and {Hopp}, U. and {Kollatschny}, W.},
        title = "{Supernovae 2007ix-2007jh}",
      journal = {Central Bureau Electronic Telegrams},
         year = 2007,
        month = sep,
       volume = {1076},
        pages = {1},
       adsurl = {https://ui.adsabs.harvard.edu/abs/2007CBET.1076....1B},
      adsnote = {Provided by the SAO/NASA Astrophysics Data System}
}

@ARTICLE{2007CBET.1079A...1:,
       author = {{Bassett}, B. and {Becker}, A. and {Bizyaev}, D. and {Brewington}, H. and
         {Choi}, C. and {Cinabro}, D. and {D'Andrea}, C. and {Dembicky}, J. and
         {Depoy}, D.~L. and {Dilday}, B. and {Doi}, M. and {Eastman}, J. and
         {Frieman}, J. and {Gall}, C. and {Garnavich}, P. and {Goobar}, A. and
         {Hogan}, C. and {Holtzman}, J. and {Im}, M. and {Jha}, S. and
         {Konishi}, K. and {Krzesinski}, J. and {Lampeitl}, H. and
         {Kessler}, R. and {Ketzeback}, B. and {Long}, D. and
         {Malanushenko}, O. and {Marriner}, J. and {McMillan}, R. and
         {Miknaitis}, G. and {Morokuma}, T. and {Mosher}, J. and {Nichol}, R. and
         {Oravetz}, D. and {Pan}, K. and {Ostman}, L. and {Prieto}, J.~L. and
         {Richmond}, M. and {Riess}, A. and {Romani}, R. and {Sako}, M. and
         {Schneider}, D. and {Simmons}, A. and {Smith}, M. and {Snedden}, S. and
         {Sollerman}, J. and {Stritzinger}, M. and {Takanashi}, N. and
         {Tokita}, K. and {Taylor}, M.~F. and {van der Heyden}, K. and
         {Watters}, S. and {Yasuda}, N. and {Wheeler}, C. and {Zheng}, C. and
         {Aragon-Salamanca}, A. and {Bremer}, M. and {Turatto}, M. and
         {Ruiz-Lapuente}, P. and {Castander}, F. and {Romer}, A.~K. and
         {Collins}, C. and {Lucey}, J. and {Edge}, A. and {Russell}, M.},
        title = "{Supernovae 2007ji-2007jx}",
      journal = {Central Bureau Electronic Telegrams},
         year = 2007,
        month = sep,
       volume = {1079},
        pages = {1},
       adsurl = {https://ui.adsabs.harvard.edu/abs/2007CBET.1079....1B},
      adsnote = {Provided by the SAO/NASA Astrophysics Data System}
}

